No,VoucherType,Quantity,Sales,Date
1,5 Birr,43413,217065,2/6/2022
2,15 Birr,38329,574935,2/6/2022
3,10 Birr,86119,861190,2/6/2022
4,50 Birr,9942,497100,2/6/2022
5,25 Birr,28159,703975,2/6/2022
6,100 Birr,2994,299400,2/6/2022
7,500 Birr,5,2500,2/6/2022
8,1000 Birr,1,1000,2/6/2022
9,250 Birr,5,1250,2/6/2022
10,15 Birr,73475,1102125,2/5/2022
11,25 Birr,54802,1370050,2/5/2022
12,5 Birr,60141,300705,2/5/2022
13,10 Birr,148400,1484000,2/5/2022
14,100 Birr,6550,655000,2/5/2022
15,50 Birr,16209,810450,2/5/2022
16,500 Birr,4,2000,2/5/2022
17,250 Birr,6,1500,2/5/2022
18,1000 Birr,3,3000,2/5/2022
19,15 Birr,53219,798285,2/4/2022
20,10 Birr,124414,1244140,2/4/2022
21,5 Birr,54406,272030,2/4/2022
22,25 Birr,37334,933350,2/4/2022
23,50 Birr,13656,682800,2/4/2022
24,250 Birr,5,1250,2/4/2022
25,100 Birr,4513,451300,2/4/2022
26,500 Birr,3,1500,2/4/2022
27,1000 Birr,4,4000,2/4/2022
28,50 Birr,19038,951900,2/3/2022
29,100 Birr,6272,627200,2/3/2022
30,10 Birr,137473,1374730,2/3/2022
31,15 Birr,60534,908010,2/3/2022
32,25 Birr,45952,1148800,2/3/2022
33,5 Birr,49876,249380,2/3/2022
34,1000 Birr,9,9000,2/3/2022
35,250 Birr,10,2500,2/3/2022
36,500 Birr,5,2500,2/3/2022
37,10 Birr,115461,1154610,2/2/2022
38,25 Birr,40666,1016650,2/2/2022
39,15 Birr,51705,775575,2/2/2022
40,5 Birr,52281,261405,2/2/2022
41,50 Birr,12157,607850,2/2/2022
42,100 Birr,4479,447900,2/2/2022
43,1000 Birr,5,5000,2/2/2022
44,5 Birr,60766,303830,2/1/2022
45,50 Birr,13788,689400,2/1/2022
46,25 Birr,41464,1036600,2/1/2022
47,10 Birr,115263,1152630,2/1/2022
48,15 Birr,53250,798750,2/1/2022
49,100 Birr,5199,519900,2/1/2022
50,1000 Birr,25,25000,2/1/2022
51,500 Birr,19,9500,2/1/2022
52,250 Birr,15,3750,2/1/2022
53,15 Birr,56268,844020,1/31/2022
54,10 Birr,128995,1289950,1/31/2022
55,5 Birr,53938,269690,1/31/2022
56,100 Birr,4993,499300,1/31/2022
57,50 Birr,16362,818100,1/31/2022
58,25 Birr,47749,1193725,1/31/2022
59,500 Birr,8,4000,1/31/2022
60,250 Birr,13,3250,1/31/2022
61,1000 Birr,13,13000,1/31/2022
62,10 Birr,78782,787820,1/30/2022
63,25 Birr,21096,527400,1/30/2022
64,5 Birr,39996,199980,1/30/2022
65,15 Birr,28828,432420,1/30/2022
66,50 Birr,6965,348250,1/30/2022
67,100 Birr,2457,245700,1/30/2022
68,500 Birr,8,4000,1/30/2022
69,250 Birr,5,1250,1/30/2022
70,1000 Birr,2,2000,1/30/2022
71,25 Birr,36172,904300,1/29/2022
72,50 Birr,13913,695650,1/29/2022
73,10 Birr,114354,1143540,1/29/2022
74,5 Birr,53531,267655,1/29/2022
75,15 Birr,53223,798345,1/29/2022
76,100 Birr,3798,379800,1/29/2022
77,500 Birr,6,3000,1/29/2022
78,250 Birr,5,1250,1/29/2022
79,1000 Birr,15,15000,1/29/2022
80,5 Birr,42432,212160,1/28/2022
81,25 Birr,30784,769600,1/28/2022
82,10 Birr,117040,1170400,1/28/2022
83,100 Birr,4810,481000,1/28/2022
84,15 Birr,47744,716160,1/28/2022
85,50 Birr,12531,626550,1/28/2022
86,1000 Birr,3,3000,1/28/2022
87,500 Birr,2,1000,1/28/2022
88,250 Birr,2,500,1/28/2022
89,10 Birr,105072,1050720,1/27/2022
90,15 Birr,46880,703200,1/27/2022
91,25 Birr,34052,851300,1/27/2022
92,5 Birr,47440,237200,1/27/2022
93,50 Birr,14354,717700,1/27/2022
94,100 Birr,4640,464000,1/27/2022
95,500 Birr,3,1500,1/27/2022
96,250 Birr,11,2750,1/27/2022
97,1000 Birr,1,1000,1/27/2022
98,10 Birr,114724,1147240,1/26/2022
99,5 Birr,46214,231070,1/26/2022
100,25 Birr,37650,941250,1/26/2022
101,15 Birr,46376,695640,1/26/2022
102,50 Birr,15610,780500,1/26/2022
103,1000 Birr,3,3000,1/26/2022
104,100 Birr,6125,612500,1/26/2022
105,500 Birr,6,3000,1/26/2022
106,250 Birr,8,2000,1/26/2022
107,10 Birr,108005,1080050,1/25/2022
108,15 Birr,46919,703785,1/25/2022
109,50 Birr,12234,611700,1/25/2022
110,5 Birr,45569,227845,1/25/2022
111,25 Birr,29636,740900,1/25/2022
112,250 Birr,7,1750,1/25/2022
113,100 Birr,4501,450100,1/25/2022
114,500 Birr,8,4000,1/25/2022
115,1000 Birr,5,5000,1/25/2022
116,10 Birr,144360,1443600,1/24/2022
117,100 Birr,4140,414000,1/24/2022
118,50 Birr,14589,729450,1/24/2022
119,15 Birr,71549,1073235,1/24/2022
120,25 Birr,52647,1316175,1/24/2022
121,5 Birr,55844,279220,1/24/2022
122,500 Birr,17,8500,1/24/2022
123,1000 Birr,2,2000,1/24/2022
124,250 Birr,10,2500,1/24/2022
125,10 Birr,76663,766630,1/23/2022
126,5 Birr,26911,134555,1/23/2022
127,15 Birr,36677,550155,1/23/2022
128,25 Birr,21343,533575,1/23/2022
129,100 Birr,1793,179300,1/23/2022
130,50 Birr,6449,322450,1/23/2022
131,500 Birr,4,2000,1/23/2022
132,250 Birr,2,500,1/23/2022
133,1000 Birr,5,5000,1/23/2022
134,25 Birr,39897,997425,1/22/2022
135,15 Birr,48689,730335,1/22/2022
136,5 Birr,49510,247550,1/22/2022
137,250 Birr,6,1500,1/22/2022
138,10 Birr,122014,1220140,1/22/2022
139,100 Birr,4055,405500,1/22/2022
140,50 Birr,13297,664850,1/22/2022
141,500 Birr,9,4500,1/22/2022
142,1000 Birr,2,2000,1/22/2022
143,5 Birr,53957,269785,1/21/2022
144,10 Birr,135234,1352340,1/21/2022
145,100 Birr,4803,480300,1/21/2022
146,50 Birr,16335,816750,1/21/2022
147,250 Birr,2,500,1/21/2022
148,25 Birr,44091,1102275,1/21/2022
149,15 Birr,72382,1085730,1/21/2022
150,1000 Birr,3,3000,1/21/2022
151,500 Birr,2,1000,1/21/2022
152,10 Birr,26759,267590,1/20/2022
153,5 Birr,11143,55715,1/20/2022
154,25 Birr,5107,127675,1/20/2022
155,50 Birr,2622,131100,1/20/2022
156,100 Birr,790,79000,1/20/2022
157,250 Birr,1,250,1/20/2022
158,1000 Birr,1,1000,1/20/2022
159,10 Birr,26087,260870,1/19/2022
160,5 Birr,10266,51330,1/19/2022
161,25 Birr,10942,273550,1/19/2022
162,50 Birr,3790,189500,1/19/2022
163,100 Birr,1277,127700,1/19/2022
164,250 Birr,4,1000,1/19/2022
165,1000 Birr,1,1000,1/19/2022
166,5 Birr,36756,183780,1/18/2022
167,25 Birr,32735,818375,1/18/2022
168,10 Birr,86603,866030,1/18/2022
169,15 Birr,8087,121305,1/18/2022
170,100 Birr,3611,361100,1/18/2022
171,50 Birr,11496,574800,1/18/2022
172,250 Birr,3,750,1/18/2022
173,500 Birr,1,500,1/18/2022
174,10 Birr,200753,2007530,1/17/2022
175,5 Birr,74874,374370,1/17/2022
176,100 Birr,6534,653400,1/17/2022
177,50 Birr,20876,1043800,1/17/2022
178,25 Birr,72688,1817200,1/17/2022
179,15 Birr,92461,1386915,1/17/2022
180,500 Birr,7,3500,1/17/2022
181,250 Birr,2,500,1/17/2022
182,1000 Birr,1,1000,1/17/2022
183,10 Birr,69492,694920,1/16/2022
184,25 Birr,27893,697325,1/16/2022
185,15 Birr,39256,588840,1/16/2022
186,5 Birr,22469,112345,1/16/2022
187,50 Birr,10328,516400,1/16/2022
188,100 Birr,2932,293200,1/16/2022
189,1000 Birr,2,2000,1/16/2022
190,250 Birr,4,1000,1/16/2022
191,5 Birr,32863,164315,1/15/2022
192,10 Birr,107561,1075610,1/15/2022
193,1000 Birr,2,2000,1/15/2022
194,15 Birr,60196,902940,1/15/2022
195,25 Birr,50635,1265875,1/15/2022
196,50 Birr,17397,869850,1/15/2022
197,100 Birr,7126,712600,1/15/2022
198,250 Birr,2,500,1/15/2022
199,10 Birr,7426,74260,1/14/2022
200,5 Birr,2974,14870,1/14/2022
201,1000 Birr,2,2000,1/14/2022
202,10 Birr,24028,240280,1/13/2022
203,5 Birr,10243,51215,1/13/2022
204,5 Birr,14363,71815,1/12/2022
205,10 Birr,33088,330880,1/12/2022
206,250 Birr,9,2250,1/12/2022
207,1000 Birr,4,4000,1/12/2022
208,10 Birr,87745,877450,1/11/2022
209,25 Birr,13881,347025,1/11/2022
210,50 Birr,1838,91900,1/11/2022
211,5 Birr,46540,232700,1/11/2022
212,250 Birr,14,3500,1/11/2022
213,500 Birr,35,17500,1/11/2022
214,1000 Birr,1,1000,1/11/2022
215,25 Birr,46352,1158800,1/10/2022
216,5 Birr,61346,306730,1/10/2022
217,10 Birr,157839,1578390,1/10/2022
218,100 Birr,1832,183200,1/10/2022
219,250 Birr,10,2500,1/10/2022
220,50 Birr,16529,826450,1/10/2022
221,500 Birr,5,2500,1/10/2022
222,1000 Birr,2,2000,1/10/2022
223,5 Birr,46666,233330,1/9/2022
224,25 Birr,47831,1195775,1/9/2022
225,10 Birr,92671,926710,1/9/2022
226,100 Birr,4341,434100,1/9/2022
227,15 Birr,55851,837765,1/9/2022
228,50 Birr,20865,1043250,1/9/2022
229,500 Birr,3,1500,1/9/2022
230,250 Birr,5,1250,1/9/2022
231,1000 Birr,2,2000,1/9/2022
232,25 Birr,43953,1098825,1/8/2022
233,10 Birr,132516,1325160,1/8/2022
234,5 Birr,52939,264695,1/8/2022
235,50 Birr,16516,825800,1/8/2022
236,250 Birr,7,1750,1/8/2022
237,500 Birr,7,3500,1/8/2022
238,15 Birr,44149,662235,1/8/2022
239,100 Birr,3827,382700,1/8/2022
240,50 Birr,7483,374150,1/7/2022
241,100 Birr,1797,179700,1/7/2022
242,15 Birr,5906,88590,1/7/2022
243,10 Birr,46596,465960,1/7/2022
244,5 Birr,24336,121680,1/7/2022
245,25 Birr,18485,462125,1/7/2022
246,1000 Birr,5,5000,1/7/2022
247,250 Birr,7,1750,1/7/2022
248,500 Birr,3,1500,1/7/2022
249,10 Birr,202727,2027270,1/6/2022
250,15 Birr,133747,2006205,1/6/2022
251,50 Birr,35271,1763550,1/6/2022
252,5 Birr,105200,526000,1/6/2022
253,25 Birr,87327,2183175,1/6/2022
254,100 Birr,9932,993200,1/6/2022
255,1000 Birr,26,26000,1/6/2022
256,500 Birr,4,2000,1/6/2022
257,250 Birr,6,1500,1/6/2022
258,15 Birr,104348,1565220,1/5/2022
259,25 Birr,104289,2607225,1/5/2022
260,10 Birr,308116,3081160,1/5/2022
261,5 Birr,149439,747195,1/5/2022
262,50 Birr,32522,1626100,1/5/2022
263,100 Birr,9310,931000,1/5/2022
264,250 Birr,13,3250,1/5/2022
265,500 Birr,10,5000,1/5/2022
266,1000 Birr,6,6000,1/5/2022
267,50 Birr,36812,1840600,1/4/2022
268,5 Birr,163747,818735,1/4/2022
269,100 Birr,10682,1068200,1/4/2022
270,10 Birr,316292,3162920,1/4/2022
271,25 Birr,106721,2668025,1/4/2022
272,250 Birr,20,5000,1/4/2022
273,1000 Birr,18,18000,1/4/2022
274,15 Birr,150999,2264985,1/4/2022
275,500 Birr,26,13000,1/4/2022
276,25 Birr,136026,3400650,1/3/2022
277,15 Birr,126959,1904385,1/3/2022
278,50 Birr,47627,2381350,1/3/2022
279,10 Birr,377301,3773010,1/3/2022
280,100 Birr,14088,1408800,1/3/2022
281,5 Birr,175879,879395,1/3/2022
282,250 Birr,12,3000,1/3/2022
283,1000 Birr,12,12000,1/3/2022
284,500 Birr,9,4500,1/3/2022
285,5 Birr,55115,275575,1/2/2022
286,50 Birr,17599,879950,1/2/2022
287,100 Birr,5611,561100,1/2/2022
288,10 Birr,144068,1440680,1/2/2022
289,15 Birr,73041,1095615,1/2/2022
290,25 Birr,50825,1270625,1/2/2022
291,250 Birr,5,1250,1/2/2022
292,1000 Birr,3,3000,1/2/2022
293,500 Birr,4,2000,1/2/2022
294,50 Birr,1915,95750,1/1/2022
295,25 Birr,164,4100,1/1/2022
296,5 Birr,6244,31220,1/1/2022
297,100 Birr,399,39900,1/1/2022
298,25 Birr,3528,88200,12/31/2021
299,5 Birr,6481,32405,12/31/2021
300,50 Birr,1303,65150,12/31/2021
301,100 Birr,344,34400,12/31/2021
302,10 Birr,5674,56740,12/30/2021
303,50 Birr,2873,143650,12/30/2021
304,25 Birr,7972,199300,12/30/2021
305,5 Birr,9924,49620,12/30/2021
306,100 Birr,924,92400,12/30/2021
307,10 Birr,52308,523080,12/29/2021
308,25 Birr,15046,376150,12/29/2021
309,5 Birr,19463,97315,12/29/2021
310,50 Birr,5357,267850,12/29/2021
311,100 Birr,2497,249700,12/29/2021
312,10 Birr,74800,748000,12/28/2021
313,5 Birr,33264,166320,12/28/2021
314,15 Birr,23806,357090,12/28/2021
315,25 Birr,23405,585125,12/28/2021
316,50 Birr,9750,487500,12/28/2021
317,100 Birr,2860,286000,12/28/2021
318,1000 Birr,3,3000,12/28/2021
319,10 Birr,236914,2369140,12/27/2021
320,15 Birr,105787,1586805,12/27/2021
321,25 Birr,88339,2208475,12/27/2021
322,100 Birr,9613,961300,12/27/2021
323,5 Birr,112304,561520,12/27/2021
324,50 Birr,29784,1489200,12/27/2021
325,1000 Birr,9,9000,12/27/2021
326,250 Birr,7,1750,12/27/2021
327,100 Birr,3936,393600,12/26/2021
328,5 Birr,55548,277740,12/26/2021
329,10 Birr,111516,1115160,12/26/2021
330,15 Birr,50138,752070,12/26/2021
331,50 Birr,12563,628150,12/26/2021
332,25 Birr,36059,901475,12/26/2021
333,500 Birr,2,1000,12/26/2021
334,250 Birr,25,6250,12/26/2021
335,1000 Birr,3,3000,12/26/2021
336,10 Birr,128733,1287330,12/25/2021
337,50 Birr,17677,883850,12/25/2021
338,25 Birr,49968,1249200,12/25/2021
339,500 Birr,21,10500,12/25/2021
340,15 Birr,71016,1065240,12/25/2021
341,5 Birr,59539,297695,12/25/2021
342,100 Birr,5760,576000,12/25/2021
343,250 Birr,9,2250,12/25/2021
344,1000 Birr,5,5000,12/25/2021
345,15 Birr,63879,958185,12/24/2021
346,25 Birr,50147,1253675,12/24/2021
347,5 Birr,68160,340800,12/24/2021
348,10 Birr,137633,1376330,12/24/2021
349,50 Birr,19241,962050,12/24/2021
350,100 Birr,6237,623700,12/24/2021
351,250 Birr,11,2750,12/24/2021
352,500 Birr,7,3500,12/24/2021
353,1000 Birr,2,2000,12/24/2021
354,100 Birr,3966,396600,12/23/2021
355,50 Birr,14444,722200,12/23/2021
356,25 Birr,35407,885175,12/23/2021
357,15 Birr,46403,696045,12/23/2021
358,5 Birr,51919,259595,12/23/2021
359,10 Birr,106315,1063150,12/23/2021
360,500 Birr,5,2500,12/23/2021
361,250 Birr,4,1000,12/23/2021
362,1000 Birr,2,2000,12/23/2021
363,15 Birr,48763,731445,12/22/2021
364,25 Birr,35524,888100,12/22/2021
365,50 Birr,14795,739750,12/22/2021
366,100 Birr,6735,673500,12/22/2021
367,10 Birr,102148,1021480,12/22/2021
368,5 Birr,52852,264260,12/22/2021
369,250 Birr,5,1250,12/22/2021
370,500 Birr,12,6000,12/22/2021
371,1000 Birr,1,1000,12/22/2021
372,15 Birr,54871,823065,12/21/2021
373,5 Birr,56429,282145,12/21/2021
374,10 Birr,120872,1208720,12/21/2021
375,25 Birr,40550,1013750,12/21/2021
376,50 Birr,12502,625100,12/21/2021
377,100 Birr,4792,479200,12/21/2021
378,500 Birr,5,2500,12/21/2021
379,250 Birr,21,5250,12/21/2021
380,1000 Birr,3,3000,12/21/2021
381,50 Birr,14133,706650,12/20/2021
382,100 Birr,3892,389200,12/20/2021
383,15 Birr,47142,707130,12/20/2021
384,5 Birr,57337,286685,12/20/2021
385,25 Birr,42983,1074575,12/20/2021
386,10 Birr,138952,1389520,12/20/2021
387,250 Birr,2,500,12/20/2021
388,500 Birr,7,3500,12/20/2021
389,1000 Birr,2,2000,12/20/2021
390,10 Birr,70366,703660,12/19/2021
391,15 Birr,31944,479160,12/19/2021
392,100 Birr,1651,165100,12/19/2021
393,5 Birr,35468,177340,12/19/2021
394,25 Birr,23076,576900,12/19/2021
395,50 Birr,7573,378650,12/19/2021
396,500 Birr,2,1000,12/19/2021
397,250 Birr,3,750,12/19/2021
398,100 Birr,3720,372000,12/18/2021
399,15 Birr,44114,661710,12/18/2021
400,25 Birr,31960,799000,12/18/2021
401,50 Birr,13397,669850,12/18/2021
402,10 Birr,102615,1026150,12/18/2021
403,5 Birr,47417,237085,12/18/2021
404,500 Birr,9,4500,12/18/2021
405,250 Birr,9,2250,12/18/2021
406,1000 Birr,3,3000,12/18/2021
407,10 Birr,84780,847800,12/17/2021
408,15 Birr,40876,613140,12/17/2021
409,25 Birr,29500,737500,12/17/2021
410,100 Birr,3131,313100,12/17/2021
411,50 Birr,12176,608800,12/17/2021
412,5 Birr,45235,226175,12/17/2021
413,250 Birr,8,2000,12/17/2021
414,500 Birr,5,2500,12/17/2021
415,1000 Birr,7,7000,12/17/2021
416,50 Birr,10954,547700,12/16/2021
417,10 Birr,96669,966690,12/16/2021
418,25 Birr,33083,827075,12/16/2021
419,5 Birr,45787,228935,12/16/2021
420,15 Birr,44280,664200,12/16/2021
421,100 Birr,3261,326100,12/16/2021
422,500 Birr,4,2000,12/16/2021
423,250 Birr,8,2000,12/16/2021
424,1000 Birr,1,1000,12/16/2021
425,10 Birr,98044,980440,12/15/2021
426,15 Birr,38246,573690,12/15/2021
427,50 Birr,12670,633500,12/15/2021
428,5 Birr,41144,205720,12/15/2021
429,25 Birr,31432,785800,12/15/2021
430,100 Birr,3442,344200,12/15/2021
431,1000 Birr,24,24000,12/15/2021
432,250 Birr,4,1000,12/15/2021
433,500 Birr,11,5500,12/15/2021
434,5 Birr,49152,245760,12/14/2021
435,10 Birr,108660,1086600,12/14/2021
436,15 Birr,42032,630480,12/14/2021
437,25 Birr,37485,937125,12/14/2021
438,100 Birr,3269,326900,12/14/2021
439,50 Birr,10552,527600,12/14/2021
440,500 Birr,5,2500,12/14/2021
441,250 Birr,24,6000,12/14/2021
442,1000 Birr,3,3000,12/14/2021
443,50 Birr,12277,613850,12/13/2021
444,10 Birr,103668,1036680,12/13/2021
445,100 Birr,3999,399900,12/13/2021
446,15 Birr,46513,697695,12/13/2021
447,5 Birr,51144,255720,12/13/2021
448,25 Birr,36030,900750,12/13/2021
449,500 Birr,5,2500,12/13/2021
450,250 Birr,4,1000,12/13/2021
451,15 Birr,28575,428625,12/12/2021
452,25 Birr,19752,493800,12/12/2021
453,50 Birr,7330,366500,12/12/2021
454,100 Birr,1900,190000,12/12/2021
455,10 Birr,53573,535730,12/12/2021
456,5 Birr,24250,121250,12/12/2021
457,250 Birr,8,2000,12/12/2021
458,1000 Birr,2,2000,12/12/2021
459,50 Birr,11509,575450,12/11/2021
460,5 Birr,45862,229310,12/11/2021
461,10 Birr,83986,839860,12/11/2021
462,15 Birr,40697,610455,12/11/2021
463,25 Birr,30988,774700,12/11/2021
464,100 Birr,4135,413500,12/11/2021
465,250 Birr,9,2250,12/11/2021
466,1000 Birr,1,1000,12/11/2021
467,15 Birr,37597,563955,12/10/2021
468,25 Birr,27313,682825,12/10/2021
469,50 Birr,10646,532300,12/10/2021
470,5 Birr,41345,206725,12/10/2021
471,10 Birr,83479,834790,12/10/2021
472,100 Birr,3363,336300,12/10/2021
473,500 Birr,1,500,12/10/2021
474,1000 Birr,2,2000,12/10/2021
475,250 Birr,15,3750,12/10/2021
476,5 Birr,39366,196830,12/9/2021
477,10 Birr,82556,825560,12/9/2021
478,100 Birr,3398,339800,12/9/2021
479,50 Birr,10055,502750,12/9/2021
480,15 Birr,37391,560865,12/9/2021
481,25 Birr,26438,660950,12/9/2021
482,250 Birr,8,2000,12/9/2021
483,500 Birr,5,2500,12/9/2021
484,1000 Birr,1,1000,12/9/2021
485,25 Birr,25048,626200,12/8/2021
486,10 Birr,80495,804950,12/8/2021
487,5 Birr,41347,206735,12/8/2021
488,50 Birr,10438,521900,12/8/2021
489,100 Birr,3325,332500,12/8/2021
490,15 Birr,36991,554865,12/8/2021
491,500 Birr,2,1000,12/8/2021
492,250 Birr,7,1750,12/8/2021
493,1000 Birr,1,1000,12/8/2021
494,10 Birr,85926,859260,12/7/2021
495,5 Birr,41063,205315,12/7/2021
496,50 Birr,11309,565450,12/7/2021
497,25 Birr,28843,721075,12/7/2021
498,15 Birr,35548,533220,12/7/2021
499,100 Birr,5090,509000,12/7/2021
500,250 Birr,3,750,12/7/2021
501,1000 Birr,2,2000,12/7/2021
502,500 Birr,7,3500,12/7/2021
503,5 Birr,66681,333405,12/6/2021
504,10 Birr,103512,1035120,12/6/2021
505,25 Birr,38117,952925,12/6/2021
506,15 Birr,50201,753015,12/6/2021
507,50 Birr,12297,614850,12/6/2021
508,100 Birr,3910,391000,12/6/2021
509,500 Birr,7,3500,12/6/2021
510,250 Birr,5,1250,12/6/2021
511,1000 Birr,4,4000,12/6/2021
512,10 Birr,43926,439260,12/5/2021
513,5 Birr,23006,115030,12/5/2021
514,15 Birr,19148,287220,12/5/2021
515,25 Birr,14937,373425,12/5/2021
516,50 Birr,5446,272300,12/5/2021
517,100 Birr,2100,210000,12/5/2021
518,1000 Birr,3,3000,12/5/2021
519,500 Birr,4,2000,12/5/2021
520,250 Birr,2,500,12/5/2021
521,50 Birr,10599,529950,12/4/2021
522,100 Birr,3008,300800,12/4/2021
523,10 Birr,83171,831710,12/4/2021
524,5 Birr,48015,240075,12/4/2021
525,15 Birr,37341,560115,12/4/2021
526,25 Birr,27473,686825,12/4/2021
527,1000 Birr,5,5000,12/4/2021
528,500 Birr,7,3500,12/4/2021
529,10 Birr,76201,762010,12/3/2021
530,5 Birr,38677,193385,12/3/2021
531,15 Birr,35898,538470,12/3/2021
532,25 Birr,24247,606175,12/3/2021
533,50 Birr,10148,507400,12/3/2021
534,100 Birr,2938,293800,12/3/2021
535,500 Birr,7,3500,12/3/2021
536,1000 Birr,4,4000,12/3/2021
537,10 Birr,70403,704030,12/2/2021
538,15 Birr,32779,491685,12/2/2021
539,5 Birr,43166,215830,12/2/2021
540,25 Birr,21498,537450,12/2/2021
541,50 Birr,8880,444000,12/2/2021
542,100 Birr,3021,302100,12/2/2021
543,1000 Birr,5,5000,12/2/2021
544,500 Birr,17,8500,12/2/2021
545,25 Birr,21329,533225,12/1/2021
546,10 Birr,87371,873710,12/1/2021
547,15 Birr,30522,457830,12/1/2021
548,50 Birr,8476,423800,12/1/2021
549,5 Birr,36975,184875,12/1/2021
550,100 Birr,3399,339900,12/1/2021
551,500 Birr,30,15000,12/1/2021
552,1000 Birr,16,16000,12/1/2021
553,250 Birr,2,500,12/1/2021
554,5 Birr,40071,200355,11/30/2021
555,10 Birr,81099,810990,11/30/2021
556,15 Birr,35839,537585,11/30/2021
557,25 Birr,26615,665375,11/30/2021
558,100 Birr,2730,273000,11/30/2021
559,50 Birr,8828,441400,11/30/2021
560,250 Birr,30,7500,11/30/2021
561,500 Birr,10,5000,11/30/2021
562,1000 Birr,2,2000,11/30/2021
563,25 Birr,30766,769150,11/29/2021
564,15 Birr,43749,656235,11/29/2021
565,50 Birr,13074,653700,11/29/2021
566,10 Birr,91404,914040,11/29/2021
567,5 Birr,43032,215160,11/29/2021
568,100 Birr,3661,366100,11/29/2021
569,500 Birr,3,1500,11/29/2021
570,250 Birr,7,1750,11/29/2021
571,1000 Birr,1,1000,11/29/2021
572,15 Birr,20997,314955,11/28/2021
573,50 Birr,5904,295200,11/28/2021
574,100 Birr,2181,218100,11/28/2021
575,25 Birr,15792,394800,11/28/2021
576,10 Birr,47480,474800,11/28/2021
577,5 Birr,24148,120740,11/28/2021
578,1000 Birr,1,1000,11/28/2021
579,250 Birr,3,750,11/28/2021
580,500 Birr,2,1000,11/28/2021
581,10 Birr,73194,731940,11/27/2021
582,50 Birr,10197,509850,11/27/2021
583,5 Birr,43100,215500,11/27/2021
584,15 Birr,34414,516210,11/27/2021
585,25 Birr,25102,627550,11/27/2021
586,100 Birr,3739,373900,11/27/2021
587,250 Birr,5,1250,11/27/2021
588,500 Birr,7,3500,11/27/2021
589,1000 Birr,1,1000,11/27/2021
590,15 Birr,37136,557040,11/26/2021
591,50 Birr,11211,560550,11/26/2021
592,25 Birr,28649,716225,11/26/2021
593,5 Birr,44605,223025,11/26/2021
594,10 Birr,87899,878990,11/26/2021
595,100 Birr,4288,428800,11/26/2021
596,500 Birr,5,2500,11/26/2021
597,250 Birr,12,3000,11/26/2021
598,1000 Birr,8,8000,11/26/2021
599,5 Birr,39695,198475,11/25/2021
600,10 Birr,77467,774670,11/25/2021
601,25 Birr,27907,697675,11/25/2021
602,15 Birr,30964,464460,11/25/2021
603,100 Birr,3669,366900,11/25/2021
604,50 Birr,10835,541750,11/25/2021
605,250 Birr,6,1500,11/25/2021
606,500 Birr,5,2500,11/25/2021
607,1000 Birr,6,6000,11/25/2021
608,15 Birr,38958,584370,11/24/2021
609,100 Birr,3011,301100,11/24/2021
610,50 Birr,12323,616150,11/24/2021
611,25 Birr,28250,706250,11/24/2021
612,10 Birr,81471,814710,11/24/2021
613,5 Birr,41095,205475,11/24/2021
614,500 Birr,7,3500,11/24/2021
615,1000 Birr,3,3000,11/24/2021
616,250 Birr,6,1500,11/24/2021
617,10 Birr,62952,629520,11/23/2021
618,5 Birr,34130,170650,11/23/2021
619,50 Birr,9350,467500,11/23/2021
620,25 Birr,23474,586850,11/23/2021
621,15 Birr,29868,448020,11/23/2021
622,100 Birr,3164,316400,11/23/2021
623,250 Birr,6,1500,11/23/2021
624,1000 Birr,2,2000,11/23/2021
625,500 Birr,1,500,11/23/2021
626,25 Birr,33393,834825,11/22/2021
627,50 Birr,11638,581900,11/22/2021
628,100 Birr,3739,373900,11/22/2021
629,15 Birr,45498,682470,11/22/2021
630,5 Birr,49976,249880,11/22/2021
631,10 Birr,95612,956120,11/22/2021
632,250 Birr,4,1000,11/22/2021
633,500 Birr,4,2000,11/22/2021
634,1000 Birr,2,2000,11/22/2021
635,5 Birr,27735,138675,11/21/2021
636,10 Birr,55348,553480,11/21/2021
637,15 Birr,24876,373140,11/21/2021
638,25 Birr,18290,457250,11/21/2021
639,100 Birr,2177,217700,11/21/2021
640,500 Birr,10,5000,11/21/2021
641,250 Birr,4,1000,11/21/2021
642,1000 Birr,5,5000,11/21/2021
643,50 Birr,7595,379750,11/21/2021
644,10 Birr,78176,781760,11/20/2021
645,15 Birr,35417,531255,11/20/2021
646,25 Birr,25230,630750,11/20/2021
647,5 Birr,35831,179155,11/20/2021
648,100 Birr,2306,230600,11/20/2021
649,50 Birr,9239,461950,11/20/2021
650,250 Birr,3,750,11/20/2021
651,500 Birr,4,2000,11/20/2021
652,1000 Birr,2,2000,11/20/2021
653,10 Birr,74579,745790,11/19/2021
654,15 Birr,38571,578565,11/19/2021
655,25 Birr,22147,553675,11/19/2021
656,100 Birr,2954,295400,11/19/2021
657,50 Birr,9025,451250,11/19/2021
658,5 Birr,34671,173355,11/19/2021
659,250 Birr,4,1000,11/19/2021
660,500 Birr,13,6500,11/19/2021
661,1000 Birr,3,3000,11/19/2021
662,15 Birr,31985,479775,11/18/2021
663,10 Birr,65051,650510,11/18/2021
664,50 Birr,9266,463300,11/18/2021
665,25 Birr,22711,567775,11/18/2021
666,5 Birr,32422,162110,11/18/2021
667,100 Birr,3365,336500,11/18/2021
668,250 Birr,7,1750,11/18/2021
669,1000 Birr,6,6000,11/18/2021
670,500 Birr,9,4500,11/18/2021
671,10 Birr,75980,759800,11/17/2021
672,50 Birr,8891,444550,11/17/2021
673,5 Birr,41612,208060,11/17/2021
674,100 Birr,2484,248400,11/17/2021
675,15 Birr,31139,467085,11/17/2021
676,25 Birr,21998,549950,11/17/2021
677,250 Birr,4,1000,11/17/2021
678,500 Birr,6,3000,11/17/2021
679,1000 Birr,2,2000,11/17/2021
680,5 Birr,39479,197395,11/16/2021
681,50 Birr,11003,550150,11/16/2021
682,10 Birr,84846,848460,11/16/2021
683,15 Birr,38118,571770,11/16/2021
684,25 Birr,27314,682850,11/16/2021
685,100 Birr,3663,366300,11/16/2021
686,250 Birr,7,1750,11/16/2021
687,1000 Birr,4,4000,11/16/2021
688,500 Birr,5,2500,11/16/2021
689,15 Birr,37346,560190,11/15/2021
690,10 Birr,81075,810750,11/15/2021
691,50 Birr,9385,469250,11/15/2021
692,5 Birr,40471,202355,11/15/2021
693,25 Birr,29961,749025,11/15/2021
694,100 Birr,3248,324800,11/15/2021
695,250 Birr,4,1000,11/15/2021
696,500 Birr,7,3500,11/15/2021
697,1000 Birr,3,3000,11/15/2021
698,25 Birr,20841,521025,11/14/2021
699,10 Birr,63430,634300,11/14/2021
700,5 Birr,24863,124315,11/14/2021
701,15 Birr,30710,460650,11/14/2021
702,50 Birr,6985,349250,11/14/2021
703,100 Birr,2915,291500,11/14/2021
704,250 Birr,9,2250,11/14/2021
705,1000 Birr,5,5000,11/14/2021
706,500 Birr,4,2000,11/14/2021
707,10 Birr,88133,881330,11/13/2021
708,15 Birr,38817,582255,11/13/2021
709,25 Birr,28985,724625,11/13/2021
710,50 Birr,10478,523900,11/13/2021
711,100 Birr,3792,379200,11/13/2021
712,5 Birr,40262,201310,11/13/2021
713,250 Birr,8,2000,11/13/2021
714,1000 Birr,20,20000,11/13/2021
715,500 Birr,1,500,11/13/2021
716,15 Birr,38094,571410,11/12/2021
717,50 Birr,10014,500700,11/12/2021
718,100 Birr,3321,332100,11/12/2021
719,10 Birr,91016,910160,11/12/2021
720,5 Birr,45530,227650,11/12/2021
721,25 Birr,28388,709700,11/12/2021
722,500 Birr,7,3500,11/12/2021
723,1000 Birr,3,3000,11/12/2021
724,250 Birr,4,1000,11/12/2021
725,100 Birr,3818,381800,11/11/2021
726,10 Birr,91551,915510,11/11/2021
727,15 Birr,41807,627105,11/11/2021
728,50 Birr,11223,561150,11/11/2021
729,25 Birr,30650,766250,11/11/2021
730,5 Birr,39171,195855,11/11/2021
731,250 Birr,6,1500,11/11/2021
732,1000 Birr,1,1000,11/11/2021
733,500 Birr,2,1000,11/11/2021
734,50 Birr,10371,518550,11/10/2021
735,5 Birr,41333,206665,11/10/2021
736,10 Birr,81746,817460,11/10/2021
737,15 Birr,35353,530295,11/10/2021
738,25 Birr,31184,779600,11/10/2021
739,100 Birr,3311,331100,11/10/2021
740,250 Birr,15,3750,11/10/2021
741,1000 Birr,2,2000,11/10/2021
742,500 Birr,3,1500,11/10/2021
743,10 Birr,103501,1035010,11/9/2021
744,15 Birr,41619,624285,11/9/2021
745,50 Birr,15082,754100,11/9/2021
746,25 Birr,35665,891625,11/9/2021
747,5 Birr,54819,274095,11/9/2021
748,100 Birr,3585,358500,11/9/2021
749,1000 Birr,4,4000,11/9/2021
750,250 Birr,15,3750,11/9/2021
751,10 Birr,103027,1030270,11/8/2021
752,15 Birr,46959,704385,11/8/2021
753,25 Birr,33075,826875,11/8/2021
754,50 Birr,13806,690300,11/8/2021
755,100 Birr,4224,422400,11/8/2021
756,5 Birr,45198,225990,11/8/2021
757,250 Birr,21,5250,11/8/2021
758,1000 Birr,5,5000,11/8/2021
759,10 Birr,47319,473190,11/7/2021
760,5 Birr,26225,131125,11/7/2021
761,15 Birr,22213,333195,11/7/2021
762,25 Birr,16316,407900,11/7/2021
763,50 Birr,6720,336000,11/7/2021
764,100 Birr,2129,212900,11/7/2021
765,1000 Birr,4,4000,11/7/2021
766,250 Birr,10,2500,11/7/2021
767,100 Birr,4971,497100,11/6/2021
768,25 Birr,36348,908700,11/6/2021
769,15 Birr,51199,767985,11/6/2021
770,10 Birr,114573,1145730,11/6/2021
771,5 Birr,53337,266685,11/6/2021
772,50 Birr,10950,547500,11/6/2021
773,250 Birr,8,2000,11/6/2021
774,1000 Birr,3,3000,11/6/2021
775,500 Birr,100,50000,11/6/2021
776,25 Birr,25667,641675,11/5/2021
777,50 Birr,9099,454950,11/5/2021
778,10 Birr,74274,742740,11/5/2021
779,100 Birr,4062,406200,11/5/2021
780,5 Birr,38412,192060,11/5/2021
781,15 Birr,40479,607185,11/5/2021
782,1000 Birr,6,6000,11/5/2021
783,15 Birr,41478,622170,11/4/2021
784,10 Birr,91235,912350,11/4/2021
785,100 Birr,4857,485700,11/4/2021
786,25 Birr,30280,757000,11/4/2021
787,50 Birr,12979,648950,11/4/2021
788,5 Birr,48089,240445,11/4/2021
789,1000 Birr,3,3000,11/4/2021
790,5 Birr,40145,200725,11/3/2021
791,15 Birr,41435,621525,11/3/2021
792,10 Birr,98182,981820,11/3/2021
793,25 Birr,31570,789250,11/3/2021
794,50 Birr,11926,596300,11/3/2021
795,100 Birr,4436,443600,11/3/2021
796,1000 Birr,10,10000,11/3/2021
797,5 Birr,44723,223615,11/2/2021
798,10 Birr,75136,751360,11/2/2021
799,15 Birr,37205,558075,11/2/2021
800,25 Birr,26843,671075,11/2/2021
801,50 Birr,10907,545350,11/2/2021
802,100 Birr,3872,387200,11/2/2021
803,250 Birr,18,4500,11/2/2021
804,1000 Birr,9,9000,11/2/2021
805,100 Birr,4175,417500,11/1/2021
806,10 Birr,80640,806400,11/1/2021
807,50 Birr,11323,566150,11/1/2021
808,25 Birr,29053,726325,11/1/2021
809,5 Birr,43754,218770,11/1/2021
810,15 Birr,38829,582435,11/1/2021
811,1000 Birr,14,14000,11/1/2021
812,500 Birr,28,14000,11/1/2021
813,250 Birr,15,3750,11/1/2021
814,10 Birr,63648,636480,10/31/2021
815,5 Birr,31612,158060,10/31/2021
816,15 Birr,27560,413400,10/31/2021
817,100 Birr,2609,260900,10/31/2021
818,25 Birr,21870,546750,10/31/2021
819,50 Birr,8187,409350,10/31/2021
820,500 Birr,56,28000,10/31/2021
821,1000 Birr,3,3000,10/31/2021
822,250 Birr,7,1750,10/31/2021
823,15 Birr,44225,663375,10/30/2021
824,5 Birr,52052,260260,10/30/2021
825,10 Birr,100540,1005400,10/30/2021
826,25 Birr,35023,875575,10/30/2021
827,50 Birr,14023,701150,10/30/2021
828,100 Birr,4515,451500,10/30/2021
829,250 Birr,12,3000,10/30/2021
830,1000 Birr,5,5000,10/30/2021
831,500 Birr,8,4000,10/30/2021
832,50 Birr,13190,659500,10/29/2021
833,25 Birr,36394,909850,10/29/2021
834,10 Birr,106353,1063530,10/29/2021
835,15 Birr,49129,736935,10/29/2021
836,5 Birr,51921,259605,10/29/2021
837,100 Birr,3818,381800,10/29/2021
838,250 Birr,8,2000,10/29/2021
839,500 Birr,9,4500,10/29/2021
840,50 Birr,11908,595400,10/28/2021
841,10 Birr,115196,1151960,10/28/2021
842,15 Birr,45506,682590,10/28/2021
843,25 Birr,34314,857850,10/28/2021
844,5 Birr,60497,302485,10/28/2021
845,100 Birr,3834,383400,10/28/2021
846,250 Birr,12,3000,10/28/2021
847,1000 Birr,5,5000,10/28/2021
848,5 Birr,54294,271470,10/27/2021
849,25 Birr,31978,799450,10/27/2021
850,50 Birr,13221,661050,10/27/2021
851,15 Birr,44783,671745,10/27/2021
852,10 Birr,119633,1196330,10/27/2021
853,100 Birr,4797,479700,10/27/2021
854,500 Birr,16,8000,10/27/2021
855,250 Birr,15,3750,10/27/2021
856,1000 Birr,5,5000,10/27/2021
857,10 Birr,106901,1069010,10/26/2021
858,25 Birr,31465,786625,10/26/2021
859,15 Birr,42318,634770,10/26/2021
860,5 Birr,58668,293340,10/26/2021
861,50 Birr,11800,590000,10/26/2021
862,100 Birr,3517,351700,10/26/2021
863,250 Birr,6,1500,10/26/2021
864,500 Birr,5,2500,10/26/2021
865,1000 Birr,2,2000,10/26/2021
866,25 Birr,37725,943125,10/25/2021
867,10 Birr,125758,1257580,10/25/2021
868,50 Birr,14041,702050,10/25/2021
869,15 Birr,53022,795330,10/25/2021
870,100 Birr,4404,440400,10/25/2021
871,5 Birr,66330,331650,10/25/2021
872,250 Birr,4,1000,10/25/2021
873,500 Birr,8,4000,10/25/2021
874,1000 Birr,6,6000,10/25/2021
875,10 Birr,73130,731300,10/24/2021
876,15 Birr,32318,484770,10/24/2021
877,5 Birr,39854,199270,10/24/2021
878,50 Birr,7602,380100,10/24/2021
879,25 Birr,22899,572475,10/24/2021
880,100 Birr,1889,188900,10/24/2021
881,500 Birr,108,54000,10/24/2021
882,250 Birr,2,500,10/24/2021
883,1000 Birr,2,2000,10/24/2021
884,50 Birr,12109,605450,10/23/2021
885,5 Birr,60516,302580,10/23/2021
886,25 Birr,35043,876075,10/23/2021
887,15 Birr,47460,711900,10/23/2021
888,10 Birr,113269,1132690,10/23/2021
889,100 Birr,3696,369600,10/23/2021
890,500 Birr,8,4000,10/23/2021
891,250 Birr,6,1500,10/23/2021
892,1000 Birr,4,4000,10/23/2021
893,10 Birr,105518,1055180,10/22/2021
894,15 Birr,41875,628125,10/22/2021
895,5 Birr,53585,267925,10/22/2021
896,25 Birr,31574,789350,10/22/2021
897,50 Birr,11670,583500,10/22/2021
898,100 Birr,4761,476100,10/22/2021
899,250 Birr,6,1500,10/22/2021
900,500 Birr,7,3500,10/22/2021
901,1000 Birr,1,1000,10/22/2021
902,25 Birr,30104,752600,10/21/2021
903,5 Birr,51358,256790,10/21/2021
904,10 Birr,100592,1005920,10/21/2021
905,15 Birr,40309,604635,10/21/2021
906,100 Birr,4004,400400,10/21/2021
907,50 Birr,12372,618600,10/21/2021
908,250 Birr,6,1500,10/21/2021
909,500 Birr,13,6500,10/21/2021
910,1000 Birr,9,9000,10/21/2021
911,10 Birr,108290,1082900,10/20/2021
912,5 Birr,56499,282495,10/20/2021
913,50 Birr,11744,587200,10/20/2021
914,25 Birr,30357,758925,10/20/2021
915,15 Birr,41675,625125,10/20/2021
916,100 Birr,3568,356800,10/20/2021
917,250 Birr,13,3250,10/20/2021
918,500 Birr,11,5500,10/20/2021
919,1000 Birr,1,1000,10/20/2021
920,5 Birr,70016,350080,10/19/2021
921,50 Birr,14172,708600,10/19/2021
922,15 Birr,56521,847815,10/19/2021
923,10 Birr,131605,1316050,10/19/2021
924,25 Birr,43136,1078400,10/19/2021
925,100 Birr,5080,508000,10/19/2021
926,250 Birr,5,1250,10/19/2021
927,500 Birr,5,2500,10/19/2021
928,1000 Birr,4,4000,10/19/2021
929,15 Birr,39000,585000,10/18/2021
930,10 Birr,94252,942520,10/18/2021
931,50 Birr,10174,508700,10/18/2021
932,100 Birr,3086,308600,10/18/2021
933,25 Birr,30177,754425,10/18/2021
934,5 Birr,48956,244780,10/18/2021
935,250 Birr,6,1500,10/18/2021
936,1000 Birr,2,2000,10/18/2021
937,500 Birr,1,500,10/18/2021
938,5 Birr,40300,201500,10/17/2021
939,100 Birr,2082,208200,10/17/2021
940,50 Birr,6838,341900,10/17/2021
941,10 Birr,71655,716550,10/17/2021
942,15 Birr,27676,415140,10/17/2021
943,25 Birr,21669,541725,10/17/2021
944,500 Birr,6,3000,10/17/2021
945,250 Birr,3,750,10/17/2021
946,10 Birr,113902,1139020,10/16/2021
947,50 Birr,13012,650600,10/16/2021
948,5 Birr,61662,308310,10/16/2021
949,25 Birr,34727,868175,10/16/2021
950,15 Birr,46637,699555,10/16/2021
951,100 Birr,3718,371800,10/16/2021
952,250 Birr,7,1750,10/16/2021
953,500 Birr,5,2500,10/16/2021
954,1000 Birr,1,1000,10/16/2021
955,50 Birr,11569,578450,10/15/2021
956,10 Birr,109836,1098360,10/15/2021
957,5 Birr,56445,282225,10/15/2021
958,15 Birr,48621,729315,10/15/2021
959,100 Birr,4001,400100,10/15/2021
960,25 Birr,34436,860900,10/15/2021
961,250 Birr,8,2000,10/15/2021
962,500 Birr,4,2000,10/15/2021
963,1000 Birr,5,5000,10/15/2021
964,5 Birr,70552,352760,10/14/2021
965,50 Birr,13338,666900,10/14/2021
966,10 Birr,116688,1166880,10/14/2021
967,25 Birr,35998,899950,10/14/2021
968,15 Birr,48881,733215,10/14/2021
969,500 Birr,7,3500,10/14/2021
970,100 Birr,3984,398400,10/14/2021
971,250 Birr,8,2000,10/14/2021
972,1000 Birr,16,16000,10/14/2021
973,250 Birr,20,5000,10/13/2021
974,25 Birr,30439,760975,10/13/2021
975,50 Birr,13045,652250,10/13/2021
976,10 Birr,112963,1129630,10/13/2021
977,100 Birr,3532,353200,10/13/2021
978,5 Birr,53825,269125,10/13/2021
979,15 Birr,46331,694965,10/13/2021
980,1000 Birr,1,1000,10/13/2021
981,500 Birr,1,500,10/13/2021
982,50 Birr,12129,606450,10/12/2021
983,10 Birr,112850,1128500,10/12/2021
984,100 Birr,3929,392900,10/12/2021
985,5 Birr,61400,307000,10/12/2021
986,15 Birr,48528,727920,10/12/2021
987,25 Birr,35591,889775,10/12/2021
988,250 Birr,17,4250,10/12/2021
989,1000 Birr,5,5000,10/12/2021
990,10 Birr,136399,1363990,10/11/2021
991,15 Birr,56965,854475,10/11/2021
992,5 Birr,64958,324790,10/11/2021
993,25 Birr,41100,1027500,10/11/2021
994,50 Birr,16152,807600,10/11/2021
995,100 Birr,5081,508100,10/11/2021
996,1000 Birr,2,2000,10/11/2021
997,250 Birr,21,5250,10/11/2021
998,500 Birr,5,2500,10/11/2021
999,15 Birr,30083,451245,10/10/2021
1000,5 Birr,37964,189820,10/10/2021
1001,25 Birr,22922,573050,10/10/2021
1002,50 Birr,8319,415950,10/10/2021
1003,100 Birr,2841,284100,10/10/2021
1004,10 Birr,72021,720210,10/10/2021
1005,500 Birr,5,2500,10/10/2021
1006,250 Birr,4,1000,10/10/2021
1007,1000 Birr,2,2000,10/10/2021
1008,10 Birr,118388,1183880,10/9/2021
1009,15 Birr,45726,685890,10/9/2021
1010,5 Birr,64849,324245,10/9/2021
1011,25 Birr,39543,988575,10/9/2021
1012,50 Birr,13327,666350,10/9/2021
1013,100 Birr,4867,486700,10/9/2021
1014,1000 Birr,8,8000,10/9/2021
1015,500 Birr,5,2500,10/9/2021
1016,250 Birr,7,1750,10/9/2021
1017,25 Birr,33603,840075,10/8/2021
1018,5 Birr,53563,267815,10/8/2021
1019,10 Birr,96964,969640,10/8/2021
1020,15 Birr,40645,609675,10/8/2021
1021,50 Birr,11057,552850,10/8/2021
1022,100 Birr,3410,341000,10/8/2021
1023,1000 Birr,6,6000,10/8/2021
1024,250 Birr,9,2250,10/8/2021
1025,500 Birr,107,53500,10/8/2021
1026,100 Birr,4096,409600,10/7/2021
1027,25 Birr,30030,750750,10/7/2021
1028,5 Birr,51920,259600,10/7/2021
1029,10 Birr,96202,962020,10/7/2021
1030,15 Birr,42307,634605,10/7/2021
1031,50 Birr,11785,589250,10/7/2021
1032,500 Birr,1,500,10/7/2021
1033,250 Birr,6,1500,10/7/2021
1034,1000 Birr,26,26000,10/7/2021
1035,15 Birr,50505,757575,10/6/2021
1036,25 Birr,39283,982075,10/6/2021
1037,10 Birr,124699,1246990,10/6/2021
1038,5 Birr,56179,280895,10/6/2021
1039,100 Birr,4231,423100,10/6/2021
1040,50 Birr,11982,599100,10/6/2021
1041,500 Birr,10,5000,10/6/2021
1042,1000 Birr,11,11000,10/6/2021
1043,250 Birr,11,2750,10/6/2021
1044,50 Birr,14040,702000,10/5/2021
1045,100 Birr,5528,552800,10/5/2021
1046,10 Birr,128728,1287280,10/5/2021
1047,5 Birr,63709,318545,10/5/2021
1048,15 Birr,53415,801225,10/5/2021
1049,250 Birr,15,3750,10/5/2021
1050,1000 Birr,13,13000,10/5/2021
1051,500 Birr,17,8500,10/5/2021
1052,25 Birr,36166,904150,10/5/2021
1053,15 Birr,48124,721860,10/4/2021
1054,50 Birr,13354,667700,10/4/2021
1055,100 Birr,3687,368700,10/4/2021
1056,10 Birr,106912,1069120,10/4/2021
1057,5 Birr,57420,287100,10/4/2021
1058,250 Birr,8,2000,10/4/2021
1059,500 Birr,17,8500,10/4/2021
1060,25 Birr,29984,749600,10/4/2021
1061,1000 Birr,1,1000,10/4/2021
1062,10 Birr,65367,653670,10/3/2021
1063,5 Birr,35277,176385,10/3/2021
1064,25 Birr,12097,302425,10/3/2021
1065,15 Birr,24146,362190,10/3/2021
1066,50 Birr,7924,396200,10/3/2021
1067,100 Birr,2300,230000,10/3/2021
1068,500 Birr,4,2000,10/3/2021
1069,250 Birr,3,750,10/3/2021
1070,10 Birr,106532,1065320,10/2/2021
1071,100 Birr,4778,477800,10/2/2021
1072,15 Birr,44997,674955,10/2/2021
1073,50 Birr,12309,615450,10/2/2021
1074,25 Birr,35472,886800,10/2/2021
1075,5 Birr,55694,278470,10/2/2021
1076,500 Birr,20,10000,10/2/2021
1077,250 Birr,9,2250,10/2/2021
1078,1000 Birr,3,3000,10/2/2021
1079,10 Birr,116641,1166410,10/1/2021
1080,5 Birr,62532,312660,10/1/2021
1081,15 Birr,44705,670575,10/1/2021
1082,25 Birr,31109,777725,10/1/2021
1083,50 Birr,12187,609350,10/1/2021
1084,100 Birr,3926,392600,10/1/2021
1085,250 Birr,10,2500,10/1/2021
1086,500 Birr,26,13000,10/1/2021
1087,1000 Birr,18,18000,10/1/2021
1088,10 Birr,114613,1146130,9/30/2021
1089,5 Birr,58659,293295,9/30/2021
1090,15 Birr,46864,702960,9/30/2021
1091,25 Birr,37674,941850,9/30/2021
1092,50 Birr,12860,643000,9/30/2021
1093,100 Birr,5112,511200,9/30/2021
1094,250 Birr,29,7250,9/30/2021
1095,1000 Birr,8,8000,9/30/2021
1096,500 Birr,5,2500,9/30/2021
1097,25 Birr,30848,771200,9/29/2021
1098,10 Birr,121902,1219020,9/29/2021
1099,15 Birr,43910,658650,9/29/2021
1100,5 Birr,74360,371800,9/29/2021
1101,50 Birr,12070,603500,9/29/2021
1102,100 Birr,4466,446600,9/29/2021
1103,250 Birr,18,4500,9/29/2021
1104,500 Birr,4,2000,9/29/2021
1105,1000 Birr,9,9000,9/29/2021
1106,5 Birr,70668,353340,9/28/2021
1107,10 Birr,138863,1388630,9/28/2021
1108,15 Birr,54021,810315,9/28/2021
1109,25 Birr,39853,996325,9/28/2021
1110,50 Birr,14053,702650,9/28/2021
1111,100 Birr,4062,406200,9/28/2021
1112,1000 Birr,4,4000,9/28/2021
1113,500 Birr,12,6000,9/28/2021
1114,250 Birr,17,4250,9/28/2021
1115,5 Birr,32194,160970,9/27/2021
1116,10 Birr,63206,632060,9/27/2021
1117,15 Birr,26491,397365,9/27/2021
1118,25 Birr,17773,444325,9/27/2021
1119,50 Birr,6055,302750,9/27/2021
1120,100 Birr,1780,178000,9/27/2021
1121,250 Birr,13,3250,9/27/2021
1122,500 Birr,3,1500,9/27/2021
1123,1000 Birr,3,3000,9/27/2021
1124,15 Birr,28188,422820,9/26/2021
1125,25 Birr,20189,504725,9/26/2021
1126,50 Birr,7332,366600,9/26/2021
1127,100 Birr,2310,231000,9/26/2021
1128,10 Birr,75364,753640,9/26/2021
1129,250 Birr,13,3250,9/26/2021
1130,5 Birr,42455,212275,9/26/2021
1131,500 Birr,5,2500,9/26/2021
1132,1000 Birr,4,4000,9/26/2021
1133,100 Birr,4350,435000,9/25/2021
1134,15 Birr,46387,695805,9/25/2021
1135,25 Birr,33658,841450,9/25/2021
1136,10 Birr,108844,1088440,9/25/2021
1137,5 Birr,57089,285445,9/25/2021
1138,50 Birr,12773,638650,9/25/2021
1139,250 Birr,16,4000,9/25/2021
1140,500 Birr,6,3000,9/25/2021
1141,1000 Birr,2,2000,9/25/2021
1142,10 Birr,97141,971410,9/24/2021
1143,100 Birr,4149,414900,9/24/2021
1144,5 Birr,49451,247255,9/24/2021
1145,15 Birr,37427,561405,9/24/2021
1146,25 Birr,31945,798625,9/24/2021
1147,50 Birr,11843,592150,9/24/2021
1148,250 Birr,17,4250,9/24/2021
1149,1000 Birr,3,3000,9/24/2021
1150,500 Birr,9,4500,9/24/2021
1151,5 Birr,57947,289735,9/23/2021
1152,10 Birr,113426,1134260,9/23/2021
1153,15 Birr,44850,672750,9/23/2021
1154,50 Birr,10825,541250,9/23/2021
1155,100 Birr,2864,286400,9/23/2021
1156,25 Birr,30675,766875,9/23/2021
1157,250 Birr,15,3750,9/23/2021
1158,1000 Birr,4,4000,9/23/2021
1159,500 Birr,6,3000,9/23/2021
1160,25 Birr,28280,707000,9/22/2021
1161,10 Birr,100651,1006510,9/22/2021
1162,15 Birr,41039,615585,9/22/2021
1163,5 Birr,58228,291140,9/22/2021
1164,50 Birr,11633,581650,9/22/2021
1165,100 Birr,4232,423200,9/22/2021
1166,1000 Birr,7,7000,9/22/2021
1167,500 Birr,7,3500,9/22/2021
1168,250 Birr,13,3250,9/22/2021
1169,5 Birr,56132,280660,9/21/2021
1170,10 Birr,110776,1107760,9/21/2021
1171,25 Birr,32932,823300,9/21/2021
1172,15 Birr,45056,675840,9/21/2021
1173,50 Birr,11420,571000,9/21/2021
1174,100 Birr,3471,347100,9/21/2021
1175,500 Birr,17,8500,9/21/2021
1176,250 Birr,25,6250,9/21/2021
1177,1000 Birr,4,4000,9/21/2021
1178,10 Birr,126950,1269500,9/20/2021
1179,500 Birr,11,5500,9/20/2021
1180,5 Birr,64075,320375,9/20/2021
1181,50 Birr,11541,577050,9/20/2021
1182,25 Birr,36805,920125,9/20/2021
1183,15 Birr,46382,695730,9/20/2021
1184,100 Birr,3573,357300,9/20/2021
1185,1000 Birr,5,5000,9/20/2021
1186,250 Birr,3,750,9/20/2021
1187,15 Birr,27194,407910,9/19/2021
1188,100 Birr,1987,198700,9/19/2021
1189,25 Birr,22317,557925,9/19/2021
1190,5 Birr,41569,207845,9/19/2021
1191,10 Birr,72105,721050,9/19/2021
1192,50 Birr,7477,373850,9/19/2021
1193,500 Birr,6,3000,9/19/2021
1194,250 Birr,3,750,9/19/2021
1195,1000 Birr,10,10000,9/19/2021
1196,10 Birr,102243,1022430,9/18/2021
1197,5 Birr,51724,258620,9/18/2021
1198,15 Birr,45674,685110,9/18/2021
1199,25 Birr,33750,843750,9/18/2021
1200,100 Birr,4615,461500,9/18/2021
1201,50 Birr,11919,595950,9/18/2021
1202,250 Birr,4,1000,9/18/2021
1203,1000 Birr,15,15000,9/18/2021
1204,500 Birr,11,5500,9/18/2021
1205,5 Birr,57960,289800,9/17/2021
1206,10 Birr,113812,1138120,9/17/2021
1207,50 Birr,12681,634050,9/17/2021
1208,25 Birr,30505,762625,9/17/2021
1209,15 Birr,42254,633810,9/17/2021
1210,100 Birr,4988,498800,9/17/2021
1211,1000 Birr,3,3000,9/17/2021
1212,500 Birr,3,1500,9/17/2021
1213,250 Birr,1,250,9/17/2021
1214,5 Birr,70640,353200,9/16/2021
1215,10 Birr,126734,1267340,9/16/2021
1216,15 Birr,50347,755205,9/16/2021
1217,25 Birr,35646,891150,9/16/2021
1218,50 Birr,13161,658050,9/16/2021
1219,100 Birr,4038,403800,9/16/2021
1220,250 Birr,7,1750,9/16/2021
1221,1000 Birr,3,3000,9/16/2021
1222,15 Birr,41428,621420,9/15/2021
1223,5 Birr,49356,246780,9/15/2021
1224,100 Birr,4163,416300,9/15/2021
1225,10 Birr,105298,1052980,9/15/2021
1226,25 Birr,30892,772300,9/15/2021
1227,50 Birr,11239,561950,9/15/2021
1228,250 Birr,17,4250,9/15/2021
1229,1000 Birr,5,5000,9/15/2021
1230,5 Birr,65776,328880,9/14/2021
1231,10 Birr,126353,1263530,9/14/2021
1232,25 Birr,38717,967925,9/14/2021
1233,15 Birr,49840,747600,9/14/2021
1234,50 Birr,14033,701650,9/14/2021
1235,100 Birr,4099,409900,9/14/2021
1236,250 Birr,18,4500,9/14/2021
1237,500 Birr,3,1500,9/14/2021
1238,1000 Birr,4,4000,9/14/2021
1239,5 Birr,62872,314360,9/13/2021
1240,10 Birr,125159,1251590,9/13/2021
1241,50 Birr,15490,774500,9/13/2021
1242,15 Birr,54444,816660,9/13/2021
1243,25 Birr,43554,1088850,9/13/2021
1244,100 Birr,4963,496300,9/13/2021
1245,1000 Birr,4,4000,9/13/2021
1246,250 Birr,7,1750,9/13/2021
1247,500 Birr,7,3500,9/13/2021
1248,5 Birr,36095,180475,9/12/2021
1249,10 Birr,72564,725640,9/12/2021
1250,25 Birr,23075,576875,9/12/2021
1251,15 Birr,28483,427245,9/12/2021
1252,50 Birr,7988,399400,9/12/2021
1253,100 Birr,2422,242200,9/12/2021
1254,500 Birr,4,2000,9/12/2021
1255,1000 Birr,4,4000,9/12/2021
1256,250 Birr,3,750,9/12/2021
1257,15 Birr,30735,461025,9/11/2021
1258,25 Birr,26186,654650,9/11/2021
1259,5 Birr,36099,180495,9/11/2021
1260,10 Birr,68969,689690,9/11/2021
1261,50 Birr,10073,503650,9/11/2021
1262,100 Birr,3546,354600,9/11/2021
1263,500 Birr,12,6000,9/11/2021
1264,1000 Birr,5,5000,9/11/2021
1265,250 Birr,7,1750,9/11/2021
1266,5 Birr,62560,312800,9/10/2021
1267,50 Birr,15155,757750,9/10/2021
1268,10 Birr,116561,1165610,9/10/2021
1269,25 Birr,37067,926675,9/10/2021
1270,15 Birr,50633,759495,9/10/2021
1271,100 Birr,5639,563900,9/10/2021
1272,1000 Birr,7,7000,9/10/2021
1273,500 Birr,8,4000,9/10/2021
1274,250 Birr,9,2250,9/10/2021
1275,15 Birr,38731,580965,9/9/2021
1276,10 Birr,89074,890740,9/9/2021
1277,5 Birr,42438,212190,9/9/2021
1278,25 Birr,28267,706675,9/9/2021
1279,50 Birr,12082,604100,9/9/2021
1280,100 Birr,3935,393500,9/9/2021
1281,250 Birr,5,1250,9/9/2021
1282,1000 Birr,5,5000,9/9/2021
1283,500 Birr,6,3000,9/9/2021
1284,5 Birr,66341,331705,9/8/2021
1285,15 Birr,51148,767220,9/8/2021
1286,10 Birr,138520,1385200,9/8/2021
1287,50 Birr,14265,713250,9/8/2021
1288,25 Birr,39913,997825,9/8/2021
1289,100 Birr,7019,701900,9/8/2021
1290,500 Birr,6,3000,9/8/2021
1291,250 Birr,6,1500,9/8/2021
1292,1000 Birr,6,6000,9/8/2021
1293,15 Birr,52585,788775,9/7/2021
1294,5 Birr,72894,364470,9/7/2021
1295,10 Birr,138722,1387220,9/7/2021
1296,50 Birr,13215,660750,9/7/2021
1297,25 Birr,39526,988150,9/7/2021
1298,250 Birr,9,2250,9/7/2021
1299,100 Birr,3952,395200,9/7/2021
1300,500 Birr,10,5000,9/7/2021
1301,1000 Birr,6,6000,9/7/2021
1302,50 Birr,12267,613350,9/6/2021
1303,15 Birr,50946,764190,9/6/2021
1304,25 Birr,38863,971575,9/6/2021
1305,10 Birr,130929,1309290,9/6/2021
1306,100 Birr,3546,354600,9/6/2021
1307,5 Birr,66036,330180,9/6/2021
1308,500 Birr,20,10000,9/6/2021
1309,1000 Birr,20,20000,9/6/2021
1310,250 Birr,8,2000,9/6/2021
1311,10 Birr,83052,830520,9/5/2021
1312,5 Birr,42096,210480,9/5/2021
1313,15 Birr,34110,511650,9/5/2021
1314,25 Birr,23367,584175,9/5/2021
1315,50 Birr,8866,443300,9/5/2021
1316,100 Birr,2142,214200,9/5/2021
1317,1000 Birr,14,14000,9/5/2021
1318,500 Birr,3,1500,9/5/2021
1319,250 Birr,4,1000,9/5/2021
1320,15 Birr,52001,780015,9/4/2021
1321,50 Birr,13156,657800,9/4/2021
1322,10 Birr,122672,1226720,9/4/2021
1323,5 Birr,64404,322020,9/4/2021
1324,25 Birr,40005,1000125,9/4/2021
1325,100 Birr,4517,451700,9/4/2021
1326,250 Birr,5,1250,9/4/2021
1327,500 Birr,7,3500,9/4/2021
1328,1000 Birr,3,3000,9/4/2021
1329,100 Birr,3470,347000,9/3/2021
1330,25 Birr,32976,824400,9/3/2021
1331,10 Birr,102723,1027230,9/3/2021
1332,50 Birr,12403,620150,9/3/2021
1333,15 Birr,44399,665985,9/3/2021
1334,5 Birr,53679,268395,9/3/2021
1335,250 Birr,6,1500,9/3/2021
1336,1000 Birr,3,3000,9/3/2021
1337,500 Birr,2,1000,9/3/2021
1338,15 Birr,46291,694365,9/2/2021
1339,25 Birr,33034,825850,9/2/2021
1340,50 Birr,10044,502200,9/2/2021
1341,5 Birr,60247,301235,9/2/2021
1342,100 Birr,3781,378100,9/2/2021
1343,10 Birr,111022,1110220,9/2/2021
1344,1000 Birr,8,8000,9/2/2021
1345,500 Birr,13,6500,9/2/2021
1346,250 Birr,9,2250,9/2/2021
1347,50 Birr,13777,688850,9/1/2021
1348,25 Birr,33552,838800,9/1/2021
1349,15 Birr,42981,644715,9/1/2021
1350,10 Birr,126985,1269850,9/1/2021
1351,5 Birr,67852,339260,9/1/2021
1352,1000 Birr,21,21000,9/1/2021
1353,500 Birr,25,12500,9/1/2021
1354,100 Birr,3647,364700,9/1/2021
1355,250 Birr,28,7000,9/1/2021
1356,5 Birr,58572,292860,8/31/2021
1357,10 Birr,121785,1217850,8/31/2021
1358,50 Birr,9690,484500,8/31/2021
1359,100 Birr,3429,342900,8/31/2021
1360,15 Birr,45178,677670,8/31/2021
1361,25 Birr,30065,751625,8/31/2021
1362,500 Birr,14,7000,8/31/2021
1363,1000 Birr,13,13000,8/31/2021
1364,250 Birr,6,1500,8/31/2021
1365,10 Birr,119949,1199490,8/30/2021
1366,25 Birr,34008,850200,8/30/2021
1367,50 Birr,10862,543100,8/30/2021
1368,100 Birr,3374,337400,8/30/2021
1369,15 Birr,47619,714285,8/30/2021
1370,5 Birr,59549,297745,8/30/2021
1371,1000 Birr,17,17000,8/30/2021
1372,250 Birr,8,2000,8/30/2021
1373,500 Birr,5,2500,8/30/2021
1374,10 Birr,65787,657870,8/29/2021
1375,15 Birr,24715,370725,8/29/2021
1376,100 Birr,2189,218900,8/29/2021
1377,50 Birr,6963,348150,8/29/2021
1378,25 Birr,18759,468975,8/29/2021
1379,5 Birr,35561,177805,8/29/2021
1380,1000 Birr,7,7000,8/29/2021
1381,500 Birr,5,2500,8/29/2021
1382,250 Birr,2,500,8/29/2021
1383,15 Birr,52537,788055,8/28/2021
1384,25 Birr,28913,722825,8/28/2021
1385,50 Birr,11799,589950,8/28/2021
1386,10 Birr,119373,1193730,8/28/2021
1387,100 Birr,3723,372300,8/28/2021
1388,5 Birr,59284,296420,8/28/2021
1389,500 Birr,5,2500,8/28/2021
1390,1000 Birr,9,9000,8/28/2021
1391,250 Birr,9,2250,8/28/2021
1392,15 Birr,38534,578010,8/27/2021
1393,50 Birr,11656,582800,8/27/2021
1394,500 Birr,1,500,8/27/2021
1395,10 Birr,90634,906340,8/27/2021
1396,25 Birr,24688,617200,8/27/2021
1397,5 Birr,43980,219900,8/27/2021
1398,100 Birr,3444,344400,8/27/2021
1399,250 Birr,8,2000,8/27/2021
1400,1000 Birr,5,5000,8/27/2021
1401,10 Birr,119549,1195490,8/26/2021
1402,100 Birr,3331,333100,8/26/2021
1403,5 Birr,66681,333405,8/26/2021
1404,15 Birr,48535,728025,8/26/2021
1405,50 Birr,11216,560800,8/26/2021
1406,25 Birr,31983,799575,8/26/2021
1407,250 Birr,8,2000,8/26/2021
1408,500 Birr,10,5000,8/26/2021
1409,1000 Birr,7,7000,8/26/2021
1410,15 Birr,50557,758355,8/25/2021
1411,10 Birr,115426,1154260,8/25/2021
1412,50 Birr,12623,631150,8/25/2021
1413,25 Birr,36141,903525,8/25/2021
1414,5 Birr,58750,293750,8/25/2021
1415,100 Birr,3761,376100,8/25/2021
1416,500 Birr,6,3000,8/25/2021
1417,1000 Birr,9,9000,8/25/2021
1418,250 Birr,3,750,8/25/2021
1419,10 Birr,134389,1343890,8/24/2021
1420,5 Birr,64752,323760,8/24/2021
1421,15 Birr,52516,787740,8/24/2021
1422,25 Birr,32961,824025,8/24/2021
1423,100 Birr,3422,342200,8/24/2021
1424,50 Birr,12631,631550,8/24/2021
1425,250 Birr,4,1000,8/24/2021
1426,500 Birr,4,2000,8/24/2021
1427,1000 Birr,4,4000,8/24/2021
1428,15 Birr,61075,916125,8/23/2021
1429,50 Birr,13265,663250,8/23/2021
1430,10 Birr,146851,1468510,8/23/2021
1431,5 Birr,75815,379075,8/23/2021
1432,25 Birr,37628,940700,8/23/2021
1433,100 Birr,3897,389700,8/23/2021
1434,1000 Birr,7,7000,8/23/2021
1435,500 Birr,11,5500,8/23/2021
1436,250 Birr,4,1000,8/23/2021
1437,50 Birr,6058,302900,8/22/2021
1438,25 Birr,21292,532300,8/22/2021
1439,15 Birr,27230,408450,8/22/2021
1440,5 Birr,39566,197830,8/22/2021
1441,10 Birr,76731,767310,8/22/2021
1442,100 Birr,2664,266400,8/22/2021
1443,1000 Birr,2,2000,8/22/2021
1444,500 Birr,5,2500,8/22/2021
1445,25 Birr,30589,764725,8/21/2021
1446,10 Birr,100625,1006250,8/21/2021
1447,5 Birr,50062,250310,8/21/2021
1448,15 Birr,42255,633825,8/21/2021
1449,100 Birr,4156,415600,8/21/2021
1450,50 Birr,11043,552150,8/21/2021
1451,500 Birr,3,1500,8/21/2021
1452,1000 Birr,2,2000,8/21/2021
1453,15 Birr,39818,597270,8/20/2021
1454,25 Birr,31154,778850,8/20/2021
1455,50 Birr,12819,640950,8/20/2021
1456,100 Birr,3399,339900,8/20/2021
1457,10 Birr,106708,1067080,8/20/2021
1458,5 Birr,66298,331490,8/20/2021
1459,250 Birr,1,250,8/20/2021
1460,1000 Birr,6,6000,8/20/2021
1461,500 Birr,3,1500,8/20/2021
1462,5 Birr,51488,257440,8/19/2021
1463,10 Birr,120247,1202470,8/19/2021
1464,15 Birr,51109,766635,8/19/2021
1465,100 Birr,4863,486300,8/19/2021
1466,50 Birr,14123,706150,8/19/2021
1467,25 Birr,35560,889000,8/19/2021
1468,250 Birr,18,4500,8/19/2021
1469,1000 Birr,11,11000,8/19/2021
1470,500 Birr,4,2000,8/19/2021
1471,15 Birr,48092,721380,8/18/2021
1472,25 Birr,32309,807725,8/18/2021
1473,5 Birr,48872,244360,8/18/2021
1474,50 Birr,14242,712100,8/18/2021
1475,10 Birr,106514,1065140,8/18/2021
1476,100 Birr,4954,495400,8/18/2021
1477,250 Birr,7,1750,8/18/2021
1478,1000 Birr,1,1000,8/18/2021
1479,500 Birr,4,2000,8/18/2021
1480,25 Birr,32485,812125,8/17/2021
1481,5 Birr,60341,301705,8/17/2021
1482,10 Birr,118560,1185600,8/17/2021
1483,15 Birr,44854,672810,8/17/2021
1484,50 Birr,12556,627800,8/17/2021
1485,100 Birr,3854,385400,8/17/2021
1486,250 Birr,6,1500,8/17/2021
1487,500 Birr,14,7000,8/17/2021
1488,1000 Birr,2,2000,8/17/2021
1489,25 Birr,38094,952350,8/16/2021
1490,50 Birr,13903,695150,8/16/2021
1491,5 Birr,58662,293310,8/16/2021
1492,10 Birr,106074,1060740,8/16/2021
1493,15 Birr,47480,712200,8/16/2021
1494,100 Birr,4407,440700,8/16/2021
1495,500 Birr,2,1000,8/16/2021
1496,250 Birr,7,1750,8/16/2021
1497,25 Birr,20406,510150,8/15/2021
1498,5 Birr,38551,192755,8/15/2021
1499,15 Birr,30036,450540,8/15/2021
1500,50 Birr,6489,324450,8/15/2021
1501,100 Birr,2209,220900,8/15/2021
1502,10 Birr,69783,697830,8/15/2021
1503,1000 Birr,6,6000,8/15/2021
1504,500 Birr,5,2500,8/15/2021
1505,250 Birr,3,750,8/15/2021
1506,5 Birr,53460,267300,8/14/2021
1507,50 Birr,13069,653450,8/14/2021
1508,10 Birr,109257,1092570,8/14/2021
1509,15 Birr,44273,664095,8/14/2021
1510,100 Birr,3666,366600,8/14/2021
1511,25 Birr,34415,860375,8/14/2021
1512,250 Birr,5,1250,8/14/2021
1513,1000 Birr,4,4000,8/14/2021
1514,500 Birr,3,1500,8/14/2021
1515,15 Birr,53915,808725,8/13/2021
1516,25 Birr,37217,930425,8/13/2021
1517,50 Birr,12777,638850,8/13/2021
1518,5 Birr,63842,319210,8/13/2021
1519,10 Birr,128588,1285880,8/13/2021
1520,100 Birr,4511,451100,8/13/2021
1521,250 Birr,7,1750,8/13/2021
1522,1000 Birr,7,7000,8/13/2021
1523,500 Birr,3,1500,8/13/2021
1524,50 Birr,13576,678800,8/12/2021
1525,25 Birr,33556,838900,8/12/2021
1526,10 Birr,87004,870040,8/12/2021
1527,5 Birr,50754,253770,8/12/2021
1528,15 Birr,38196,572940,8/12/2021
1529,100 Birr,4169,416900,8/12/2021
1530,500 Birr,7,3500,8/12/2021
1531,250 Birr,12,3000,8/12/2021
1532,1000 Birr,4,4000,8/12/2021
1533,100 Birr,3846,384600,8/11/2021
1534,50 Birr,13174,658700,8/11/2021
1535,5 Birr,55390,276950,8/11/2021
1536,10 Birr,112880,1128800,8/11/2021
1537,15 Birr,45145,677175,8/11/2021
1538,25 Birr,34788,869700,8/11/2021
1539,500 Birr,9,4500,8/11/2021
1540,250 Birr,3,750,8/11/2021
1541,1000 Birr,5,5000,8/11/2021
1542,15 Birr,54449,816735,8/10/2021
1543,10 Birr,128357,1283570,8/10/2021
1544,25 Birr,41212,1030300,8/10/2021
1545,50 Birr,15344,767200,8/10/2021
1546,5 Birr,72838,364190,8/10/2021
1547,100 Birr,4589,458900,8/10/2021
1548,250 Birr,6,1500,8/10/2021
1549,1000 Birr,5,5000,8/10/2021
1550,500 Birr,9,4500,8/10/2021
1551,15 Birr,78635,1179525,8/9/2021
1552,10 Birr,175082,1750820,8/9/2021
1553,25 Birr,54862,1371550,8/9/2021
1554,50 Birr,21431,1071550,8/9/2021
1555,250 Birr,10,2500,8/9/2021
1556,100 Birr,7302,730200,8/9/2021
1557,500 Birr,8,4000,8/9/2021
1558,1000 Birr,5,5000,8/9/2021
1559,5 Birr,55686,278430,8/9/2021
1560,100 Birr,3284,328400,8/8/2021
1561,5 Birr,24383,121915,8/8/2021
1562,10 Birr,76363,763630,8/8/2021
1563,15 Birr,33116,496740,8/8/2021
1564,25 Birr,26218,655450,8/8/2021
1565,50 Birr,8776,438800,8/8/2021
1566,250 Birr,7,1750,8/8/2021
1567,1000 Birr,4,4000,8/8/2021
1568,500 Birr,5,2500,8/8/2021
1569,15 Birr,47748,716220,8/7/2021
1570,10 Birr,120888,1208880,8/7/2021
1571,5 Birr,62926,314630,8/7/2021
1572,50 Birr,14096,704800,8/7/2021
1573,25 Birr,37026,925650,8/7/2021
1574,100 Birr,5321,532100,8/7/2021
1575,1000 Birr,20,20000,8/7/2021
1576,250 Birr,12,3000,8/7/2021
1577,500 Birr,10,5000,8/7/2021
1578,10 Birr,107165,1071650,8/6/2021
1579,25 Birr,31223,780575,8/6/2021
1580,5 Birr,54968,274840,8/6/2021
1581,15 Birr,42330,634950,8/6/2021
1582,50 Birr,10768,538400,8/6/2021
1583,100 Birr,3038,303800,8/6/2021
1584,250 Birr,6,1500,8/6/2021
1585,500 Birr,7,3500,8/6/2021
1586,1000 Birr,6,6000,8/6/2021
1587,10 Birr,107808,1078080,8/5/2021
1588,5 Birr,50379,251895,8/5/2021
1589,25 Birr,31542,788550,8/5/2021
1590,15 Birr,46390,695850,8/5/2021
1591,50 Birr,12143,607150,8/5/2021
1592,100 Birr,3523,352300,8/5/2021
1593,500 Birr,6,3000,8/5/2021
1594,1000 Birr,6,6000,8/5/2021
1595,250 Birr,26,6500,8/5/2021
1596,10 Birr,114981,1149810,8/4/2021
1597,5 Birr,64223,321115,8/4/2021
1598,25 Birr,33704,842600,8/4/2021
1599,15 Birr,44187,662805,8/4/2021
1600,100 Birr,4544,454400,8/4/2021
1601,50 Birr,11984,599200,8/4/2021
1602,500 Birr,9,4500,8/4/2021
1603,1000 Birr,6,6000,8/4/2021
1604,5 Birr,59582,297910,8/3/2021
1605,10 Birr,112668,1126680,8/3/2021
1606,15 Birr,44428,666420,8/3/2021
1607,100 Birr,3979,397900,8/3/2021
1608,25 Birr,32713,817825,8/3/2021
1609,50 Birr,12479,623950,8/3/2021
1610,50 Birr,13370,668500,8/2/2021
1611,100 Birr,4148,414800,8/2/2021
1612,5 Birr,59857,299285,8/2/2021
1613,25 Birr,38760,969000,8/2/2021
1614,10 Birr,109620,1096200,8/2/2021
1615,15 Birr,52023,780345,8/2/2021
1616,500 Birr,36,18000,8/2/2021
1617,250 Birr,40,10000,8/2/2021
1618,15 Birr,28253,423795,8/1/2021
1619,10 Birr,63568,635680,8/1/2021
1620,25 Birr,20217,505425,8/1/2021
1621,50 Birr,6171,308550,8/1/2021
1622,5 Birr,30468,152340,8/1/2021
1623,100 Birr,1824,182400,8/1/2021
1624,1000 Birr,16,16000,8/1/2021
1625,500 Birr,23,11500,8/1/2021
1626,250 Birr,2,500,8/1/2021
1627,25 Birr,30859,771475,7/31/2021
1628,15 Birr,41361,620415,7/31/2021
1629,10 Birr,90603,906030,7/31/2021
1630,5 Birr,44968,224840,7/31/2021
1631,100 Birr,3732,373200,7/31/2021
1632,50 Birr,11700,585000,7/31/2021
1633,1000 Birr,13,13000,7/31/2021
1634,500 Birr,22,11000,7/31/2021
1635,250 Birr,12,3000,7/31/2021
1636,15 Birr,34155,512325,7/30/2021
1637,25 Birr,26246,656150,7/30/2021
1638,100 Birr,4213,421300,7/30/2021
1639,5 Birr,37751,188755,7/30/2021
1640,50 Birr,10383,519150,7/30/2021
1641,10 Birr,91369,913690,7/30/2021
1642,250 Birr,4,1000,7/30/2021
1643,1000 Birr,9,9000,7/30/2021
1644,500 Birr,5,2500,7/30/2021
1645,15 Birr,42316,634740,7/29/2021
1646,10 Birr,94505,945050,7/29/2021
1647,25 Birr,33896,847400,7/29/2021
1648,50 Birr,11736,586800,7/29/2021
1649,5 Birr,44086,220430,7/29/2021
1650,100 Birr,4164,416400,7/29/2021
1651,250 Birr,5,1250,7/29/2021
1652,500 Birr,13,6500,7/29/2021
1653,1000 Birr,1,1000,7/29/2021
1654,25 Birr,30814,770350,7/28/2021
1655,10 Birr,112083,1120830,7/28/2021
1656,5 Birr,51734,258670,7/28/2021
1657,15 Birr,44409,666135,7/28/2021
1658,50 Birr,12121,606050,7/28/2021
1659,100 Birr,4377,437700,7/28/2021
1660,500 Birr,7,3500,7/28/2021
1661,1000 Birr,4,4000,7/28/2021
1662,250 Birr,5,1250,7/28/2021
1663,10 Birr,109832,1098320,7/27/2021
1664,15 Birr,51351,770265,7/27/2021
1665,5 Birr,60373,301865,7/27/2021
1666,50 Birr,12652,632600,7/27/2021
1667,25 Birr,38238,955950,7/27/2021
1668,250 Birr,12,3000,7/27/2021
1669,1000 Birr,5,5000,7/27/2021
1670,500 Birr,6,3000,7/27/2021
1671,100 Birr,6102,610200,7/27/2021
1672,10 Birr,62433,624330,7/26/2021
1673,5 Birr,34192,170960,7/26/2021
1674,15 Birr,27582,413730,7/26/2021
1675,25 Birr,21415,535375,7/26/2021
1676,50 Birr,10412,520600,7/26/2021
1677,250 Birr,6,1500,7/26/2021
1678,1000 Birr,3,3000,7/26/2021
1679,500 Birr,5,2500,7/26/2021
1680,10 Birr,56867,568670,7/25/2021
1681,5 Birr,25900,129500,7/25/2021
1682,15 Birr,26030,390450,7/25/2021
1683,50 Birr,6502,325100,7/25/2021
1684,25 Birr,16546,413650,7/25/2021
1685,500 Birr,6,3000,7/25/2021
1686,250 Birr,6,1500,7/25/2021
1687,1000 Birr,2,2000,7/25/2021
1688,5 Birr,53210,266050,7/24/2021
1689,15 Birr,39239,588585,7/24/2021
1690,10 Birr,105008,1050080,7/24/2021
1691,25 Birr,32925,823125,7/24/2021
1692,50 Birr,13230,661500,7/24/2021
1693,100 Birr,4702,470200,7/24/2021
1694,500 Birr,7,3500,7/24/2021
1695,1000 Birr,6,6000,7/24/2021
1696,250 Birr,4,1000,7/24/2021
1697,5 Birr,40635,203175,7/23/2021
1698,10 Birr,75203,752030,7/23/2021
1699,15 Birr,34378,515670,7/23/2021
1700,25 Birr,24289,607225,7/23/2021
1701,50 Birr,9368,468400,7/23/2021
1702,100 Birr,2682,268200,7/23/2021
1703,500 Birr,6,3000,7/23/2021
1704,250 Birr,4,1000,7/23/2021
1705,10 Birr,79148,791480,7/22/2021
1706,100 Birr,3677,367700,7/22/2021
1707,25 Birr,24370,609250,7/22/2021
1708,15 Birr,34347,515205,7/22/2021
1709,5 Birr,40418,202090,7/22/2021
1710,50 Birr,9320,466000,7/22/2021
1711,250 Birr,9,2250,7/22/2021
1712,1000 Birr,6,6000,7/22/2021
1713,500 Birr,5,2500,7/22/2021
1714,10 Birr,85690,856900,7/21/2021
1715,15 Birr,33360,500400,7/21/2021
1716,25 Birr,24396,609900,7/21/2021
1717,50 Birr,8840,442000,7/21/2021
1718,5 Birr,42688,213440,7/21/2021
1719,100 Birr,2583,258300,7/21/2021
1720,500 Birr,5,2500,7/21/2021
1721,1000 Birr,3,3000,7/21/2021
1722,250 Birr,4,1000,7/21/2021
1723,25 Birr,15719,392975,7/20/2021
1724,15 Birr,20560,308400,7/20/2021
1725,50 Birr,6369,318450,7/20/2021
1726,10 Birr,40454,404540,7/20/2021
1727,100 Birr,1823,182300,7/20/2021
1728,5 Birr,18816,94080,7/20/2021
1729,1000 Birr,1,1000,7/20/2021
1730,250 Birr,2,500,7/20/2021
1731,500 Birr,58,29000,7/20/2021
1732,10 Birr,98538,985380,7/19/2021
1733,15 Birr,40224,603360,7/19/2021
1734,25 Birr,32723,818075,7/19/2021
1735,5 Birr,50592,252960,7/19/2021
1736,50 Birr,12170,608500,7/19/2021
1737,100 Birr,4761,476100,7/19/2021
1738,250 Birr,4,1000,7/19/2021
1739,1000 Birr,4,4000,7/19/2021
1740,25 Birr,21731,543275,7/18/2021
1741,5 Birr,33112,165560,7/18/2021
1742,10 Birr,72892,728920,7/18/2021
1743,50 Birr,7159,357950,7/18/2021
1744,100 Birr,2176,217600,7/18/2021
1745,15 Birr,29159,437385,7/18/2021
1746,250 Birr,6,1500,7/18/2021
1747,500 Birr,3,1500,7/18/2021
1748,1000 Birr,1,1000,7/18/2021
1749,5 Birr,43141,215705,7/17/2021
1750,25 Birr,22758,568950,7/17/2021
1751,10 Birr,87182,871820,7/17/2021
1752,15 Birr,32338,485070,7/17/2021
1753,100 Birr,3090,309000,7/17/2021
1754,50 Birr,10443,522150,7/17/2021
1755,500 Birr,4,2000,7/17/2021
1756,1000 Birr,6,6000,7/17/2021
1757,250 Birr,4,1000,7/17/2021
1758,10 Birr,60227,602270,7/16/2021
1759,5 Birr,33522,167610,7/16/2021
1760,15 Birr,25311,379665,7/16/2021
1761,25 Birr,16705,417625,7/16/2021
1762,50 Birr,6547,327350,7/16/2021
1763,100 Birr,2489,248900,7/16/2021
1764,1000 Birr,21,21000,7/16/2021
1765,250 Birr,81,20250,7/16/2021
1766,500 Birr,41,20500,7/16/2021
1767,50 Birr,7203,360150,7/15/2021
1768,25 Birr,19522,488050,7/15/2021
1769,5 Birr,31895,159475,7/15/2021
1770,10 Birr,64029,640290,7/15/2021
1771,15 Birr,27158,407370,7/15/2021
1772,100 Birr,2253,225300,7/15/2021
1773,500 Birr,52,26000,7/15/2021
1774,250 Birr,6,1500,7/15/2021
1775,1000 Birr,2,2000,7/15/2021
1776,10 Birr,87461,874610,7/14/2021
1777,15 Birr,38738,581070,7/14/2021
1778,5 Birr,46255,231275,7/14/2021
1779,25 Birr,31003,775075,7/14/2021
1780,100 Birr,3962,396200,7/14/2021
1781,50 Birr,11073,553650,7/14/2021
1782,250 Birr,3,750,7/14/2021
1783,1000 Birr,2,2000,7/14/2021
1784,10 Birr,105554,1055540,7/13/2021
1785,5 Birr,54874,274370,7/13/2021
1786,15 Birr,47212,708180,7/13/2021
1787,25 Birr,34297,857425,7/13/2021
1788,50 Birr,12676,633800,7/13/2021
1789,100 Birr,4021,402100,7/13/2021
1790,500 Birr,16,8000,7/13/2021
1791,250 Birr,15,3750,7/13/2021
1792,1000 Birr,24,24000,7/13/2021
1793,15 Birr,48055,720825,7/12/2021
1794,25 Birr,35140,878500,7/12/2021
1795,5 Birr,52320,261600,7/12/2021
1796,10 Birr,104540,1045400,7/12/2021
1797,50 Birr,12661,633050,7/12/2021
1798,100 Birr,3526,352600,7/12/2021
1799,250 Birr,6,1500,7/12/2021
1800,1000 Birr,3,3000,7/12/2021
1801,500 Birr,3,1500,7/12/2021
1802,50 Birr,7424,371200,7/11/2021
1803,5 Birr,39718,198590,7/11/2021
1804,10 Birr,72366,723660,7/11/2021
1805,15 Birr,27865,417975,7/11/2021
1806,25 Birr,23424,585600,7/11/2021
1807,100 Birr,2627,262700,7/11/2021
1808,250 Birr,16,4000,7/11/2021
1809,500 Birr,4,2000,7/11/2021
1810,1000 Birr,14,14000,7/11/2021
1811,10 Birr,125261,1252610,7/10/2021
1812,5 Birr,57177,285885,7/10/2021
1813,15 Birr,39999,599985,7/10/2021
1814,25 Birr,30925,773125,7/10/2021
1815,100 Birr,4796,479600,7/10/2021
1816,50 Birr,13719,685950,7/10/2021
1817,1000 Birr,11,11000,7/10/2021
1818,250 Birr,13,3250,7/10/2021
1819,5 Birr,62359,311795,7/9/2021
1820,50 Birr,12182,609100,7/9/2021
1821,100 Birr,3829,382900,7/9/2021
1822,25 Birr,29197,729925,7/9/2021
1823,10 Birr,94110,941100,7/9/2021
1824,15 Birr,37936,569040,7/9/2021
1825,250 Birr,3,750,7/9/2021
1826,500 Birr,3,1500,7/9/2021
1827,10 Birr,109507,1095070,7/8/2021
1828,50 Birr,10490,524500,7/8/2021
1829,5 Birr,56694,283470,7/8/2021
1830,25 Birr,31233,780825,7/8/2021
1831,100 Birr,3525,352500,7/8/2021
1832,15 Birr,41980,629700,7/8/2021
1833,1000 Birr,1,1000,7/8/2021
1834,500 Birr,27,13500,7/8/2021
1835,250 Birr,3,750,7/8/2021
1836,15 Birr,47589,713835,7/7/2021
1837,10 Birr,109179,1091790,7/7/2021
1838,50 Birr,11610,580500,7/7/2021
1839,25 Birr,32898,822450,7/7/2021
1840,5 Birr,52003,260015,7/7/2021
1841,100 Birr,2958,295800,7/7/2021
1842,250 Birr,13,3250,7/7/2021
1843,1000 Birr,11,11000,7/7/2021
1844,500 Birr,5,2500,7/7/2021
1845,10 Birr,114812,1148120,7/6/2021
1846,25 Birr,27409,685225,7/6/2021
1847,5 Birr,59111,295555,7/6/2021
1848,15 Birr,43894,658410,7/6/2021
1849,50 Birr,13908,695400,7/6/2021
1850,100 Birr,4459,445900,7/6/2021
1851,1000 Birr,1,1000,7/6/2021
1852,250 Birr,12,3000,7/6/2021
1853,500 Birr,4,2000,7/6/2021
1854,25 Birr,41374,1034350,7/5/2021
1855,15 Birr,49935,749025,7/5/2021
1856,100 Birr,3671,367100,7/5/2021
1857,10 Birr,131864,1318640,7/5/2021
1858,50 Birr,12611,630550,7/5/2021
1859,5 Birr,66880,334400,7/5/2021
1860,1000 Birr,6,6000,7/5/2021
1861,500 Birr,4,2000,7/5/2021
1862,250 Birr,4,1000,7/5/2021
1863,25 Birr,19883,497075,7/4/2021
1864,10 Birr,65553,655530,7/4/2021
1865,50 Birr,7054,352700,7/4/2021
1866,100 Birr,2371,237100,7/4/2021
1867,5 Birr,37629,188145,7/4/2021
1868,15 Birr,29348,440220,7/4/2021
1869,500 Birr,30,15000,7/4/2021
1870,250 Birr,6,1500,7/4/2021
1871,1000 Birr,3,3000,7/4/2021
1872,25 Birr,36092,902300,7/3/2021
1873,15 Birr,51553,773295,7/3/2021
1874,5 Birr,50003,250015,7/3/2021
1875,10 Birr,116411,1164110,7/3/2021
1876,100 Birr,4932,493200,7/3/2021
1877,50 Birr,12452,622600,7/3/2021
1878,1000 Birr,21,21000,7/3/2021
1879,500 Birr,4,2000,7/3/2021
1880,250 Birr,6,1500,7/3/2021
1881,15 Birr,41490,622350,7/2/2021
1882,25 Birr,30846,771150,7/2/2021
1883,50 Birr,11624,581200,7/2/2021
1884,5 Birr,48024,240120,7/2/2021
1885,10 Birr,116180,1161800,7/2/2021
1886,100 Birr,3810,381000,7/2/2021
1887,10 Birr,131752,1317520,7/1/2021
1888,15 Birr,49684,745260,7/1/2021
1889,25 Birr,36765,919125,7/1/2021
1890,250 Birr,40,10000,7/1/2021
1891,100 Birr,4610,461000,7/1/2021
1892,5 Birr,83120,415600,7/1/2021
1893,50 Birr,12664,633200,7/1/2021
1894,15 Birr,36377,545655,6/30/2021
1895,10 Birr,100310,1003100,6/30/2021
1896,25 Birr,29066,726650,6/30/2021
1897,100 Birr,3643,364300,6/30/2021
1898,5 Birr,56437,282185,6/30/2021
1899,50 Birr,11177,558850,6/30/2021
1900,500 Birr,12,6000,6/30/2021
1901,250 Birr,34,8500,6/30/2021
1902,25 Birr,27534,688350,6/29/2021
1903,10 Birr,98247,982470,6/29/2021
1904,50 Birr,11616,580800,6/29/2021
1905,100 Birr,4571,457100,6/29/2021
1906,5 Birr,58395,291975,6/29/2021
1907,15 Birr,37662,564930,6/29/2021
1908,1000 Birr,5,5000,6/29/2021
1909,250 Birr,7,1750,6/29/2021
1910,500 Birr,6,3000,6/29/2021
1911,15 Birr,51053,765795,6/28/2021
1912,25 Birr,37136,928400,6/28/2021
1913,50 Birr,14100,705000,6/28/2021
1914,100 Birr,4441,444100,6/28/2021
1915,5 Birr,45682,228410,6/28/2021
1916,10 Birr,107582,1075820,6/28/2021
1917,1000 Birr,6,6000,6/28/2021
1918,250 Birr,9,2250,6/28/2021
1919,500 Birr,27,13500,6/28/2021
1920,15 Birr,34989,524835,6/27/2021
1921,5 Birr,34414,172070,6/27/2021
1922,10 Birr,81514,815140,6/27/2021
1923,25 Birr,27026,675650,6/27/2021
1924,100 Birr,3121,312100,6/27/2021
1925,50 Birr,10084,504200,6/27/2021
1926,250 Birr,8,2000,6/27/2021
1927,1000 Birr,2,2000,6/27/2021
1928,10 Birr,123799,1237990,6/26/2021
1929,50 Birr,14752,737600,6/26/2021
1930,5 Birr,64293,321465,6/26/2021
1931,15 Birr,50081,751215,6/26/2021
1932,25 Birr,35700,892500,6/26/2021
1933,100 Birr,5230,523000,6/26/2021
1934,500 Birr,7,3500,6/26/2021
1935,1000 Birr,9,9000,6/26/2021
1936,250 Birr,2,500,6/26/2021
1937,10 Birr,117813,1178130,6/25/2021
1938,15 Birr,53194,797910,6/25/2021
1939,25 Birr,41779,1044475,6/25/2021
1940,50 Birr,16274,813700,6/25/2021
1941,100 Birr,4884,488400,6/25/2021
1942,5 Birr,54386,271930,6/25/2021
1943,250 Birr,7,1750,6/25/2021
1944,1000 Birr,3,3000,6/25/2021
1945,500 Birr,3,1500,6/25/2021
1946,25 Birr,45767,1144175,6/24/2021
1947,5 Birr,66520,332600,6/24/2021
1948,10 Birr,132177,1321770,6/24/2021
1949,15 Birr,57210,858150,6/24/2021
1950,50 Birr,14981,749050,6/24/2021
1951,100 Birr,4706,470600,6/24/2021
1952,1000 Birr,7,7000,6/24/2021
1953,250 Birr,6,1500,6/24/2021
1954,500 Birr,63,31500,6/24/2021
1955,5 Birr,73300,366500,6/23/2021
1956,25 Birr,48327,1208175,6/23/2021
1957,100 Birr,4166,416600,6/23/2021
1958,50 Birr,17213,860650,6/23/2021
1959,15 Birr,61189,917835,6/23/2021
1960,10 Birr,149622,1496220,6/23/2021
1961,1000 Birr,12,12000,6/23/2021
1962,250 Birr,4,1000,6/23/2021
1963,15 Birr,64555,968325,6/22/2021
1964,25 Birr,47901,1197525,6/22/2021
1965,50 Birr,15644,782200,6/22/2021
1966,10 Birr,157561,1575610,6/22/2021
1967,5 Birr,85750,428750,6/22/2021
1968,100 Birr,5123,512300,6/22/2021
1969,250 Birr,11,2750,6/22/2021
1970,1000 Birr,9,9000,6/22/2021
1971,10 Birr,74055,740550,6/21/2021
1972,5 Birr,42569,212845,6/21/2021
1973,15 Birr,32082,481230,6/21/2021
1974,25 Birr,24637,615925,6/21/2021
1975,50 Birr,11393,569650,6/21/2021
1976,100 Birr,2293,229300,6/21/2021
1977,250 Birr,29,7250,6/21/2021
1978,1000 Birr,12,12000,6/21/2021
1979,100 Birr,3107,310700,6/20/2021
1980,10 Birr,91508,915080,6/20/2021
1981,50 Birr,9357,467850,6/20/2021
1982,15 Birr,36462,546930,6/20/2021
1983,25 Birr,26522,663050,6/20/2021
1984,5 Birr,40175,200875,6/20/2021
1985,500 Birr,5,2500,6/20/2021
1986,250 Birr,8,2000,6/20/2021
1987,1000 Birr,1,1000,6/20/2021
1988,10 Birr,146744,1467440,6/19/2021
1989,15 Birr,65514,982710,6/19/2021
1990,25 Birr,51915,1297875,6/19/2021
1991,5 Birr,63707,318535,6/19/2021
1992,100 Birr,6535,653500,6/19/2021
1993,50 Birr,18683,934150,6/19/2021
1994,500 Birr,65,32500,6/19/2021
1995,250 Birr,46,11500,6/19/2021
1996,1000 Birr,3,3000,6/19/2021
1997,15 Birr,66858,1002870,6/18/2021
1998,5 Birr,59496,297480,6/18/2021
1999,25 Birr,47953,1198825,6/18/2021
2000,10 Birr,159329,1593290,6/18/2021
2001,100 Birr,5579,557900,6/18/2021
2002,50 Birr,16153,807650,6/18/2021
2003,1000 Birr,2,2000,6/18/2021
2004,500 Birr,9,4500,6/18/2021
2005,250 Birr,7,1750,6/18/2021
2006,25 Birr,44537,1113425,6/17/2021
2007,5 Birr,91180,455900,6/17/2021
2008,10 Birr,142407,1424070,6/17/2021
2009,15 Birr,58918,883770,6/17/2021
2010,50 Birr,15195,759750,6/17/2021
2011,100 Birr,4181,418100,6/17/2021
2012,500 Birr,35,17500,6/17/2021
2013,1000 Birr,4,4000,6/17/2021
2014,250 Birr,3,750,6/17/2021
2015,25 Birr,41865,1046625,6/16/2021
2016,10 Birr,137419,1374190,6/16/2021
2017,15 Birr,53665,804975,6/16/2021
2018,5 Birr,67133,335665,6/16/2021
2019,100 Birr,4837,483700,6/16/2021
2020,50 Birr,14967,748350,6/16/2021
2021,500 Birr,5,2500,6/16/2021
2022,1000 Birr,6,6000,6/16/2021
2023,250 Birr,13,3250,6/16/2021
2024,15 Birr,64617,969255,6/15/2021
2025,5 Birr,81205,406025,6/15/2021
2026,10 Birr,143688,1436880,6/15/2021
2027,100 Birr,5059,505900,6/15/2021
2028,25 Birr,49614,1240350,6/15/2021
2029,50 Birr,17641,882050,6/15/2021
2030,1000 Birr,3,3000,6/15/2021
2031,250 Birr,4,1000,6/15/2021
2032,500 Birr,24,12000,6/15/2021
2033,5 Birr,60101,300505,6/14/2021
2034,10 Birr,176798,1767980,6/14/2021
2035,1000 Birr,5,5000,6/14/2021
2036,15 Birr,67477,1012155,6/14/2021
2037,25 Birr,57760,1444000,6/14/2021
2038,50 Birr,18384,919200,6/14/2021
2039,100 Birr,4493,449300,6/14/2021
2040,250 Birr,7,1750,6/14/2021
2041,500 Birr,7,3500,6/14/2021
2042,15 Birr,28950,434250,6/13/2021
2043,5 Birr,42744,213720,6/13/2021
2044,25 Birr,22448,561200,6/13/2021
2045,100 Birr,2104,210400,6/13/2021
2046,10 Birr,77303,773030,6/13/2021
2047,50 Birr,7614,380700,6/13/2021
2048,250 Birr,6,1500,6/13/2021
2049,500 Birr,5,2500,6/13/2021
2050,25 Birr,49415,1235375,6/12/2021
2051,5 Birr,60974,304870,6/12/2021
2052,15 Birr,72316,1084740,6/12/2021
2053,50 Birr,17673,883650,6/12/2021
2054,100 Birr,6602,660200,6/12/2021
2055,10 Birr,142765,1427650,6/12/2021
2056,250 Birr,9,2250,6/12/2021
2057,500 Birr,6,3000,6/12/2021
2058,1000 Birr,5,5000,6/12/2021
2059,10 Birr,171880,1718800,6/11/2021
2060,25 Birr,42063,1051575,6/11/2021
2061,5 Birr,85284,426420,6/11/2021
2062,15 Birr,51969,779535,6/11/2021
2063,50 Birr,14696,734800,6/11/2021
2064,100 Birr,3944,394400,6/11/2021
2065,250 Birr,9,2250,6/11/2021
2066,1000 Birr,5,5000,6/11/2021
2067,500 Birr,12,6000,6/11/2021
2068,50 Birr,17795,889750,6/10/2021
2069,10 Birr,132636,1326360,6/10/2021
2070,25 Birr,46717,1167925,6/10/2021
2071,15 Birr,55781,836715,6/10/2021
2072,100 Birr,4480,448000,6/10/2021
2073,5 Birr,74781,373905,6/10/2021
2074,500 Birr,8,4000,6/10/2021
2075,250 Birr,5,1250,6/10/2021
2076,1000 Birr,4,4000,6/10/2021
2077,5 Birr,70394,351970,6/9/2021
2078,15 Birr,64040,960600,6/9/2021
2079,50 Birr,16484,824200,6/9/2021
2080,25 Birr,49945,1248625,6/9/2021
2081,10 Birr,149829,1498290,6/9/2021
2082,100 Birr,6058,605800,6/9/2021
2083,500 Birr,39,19500,6/9/2021
2084,1000 Birr,3,3000,6/9/2021
2085,250 Birr,11,2750,6/9/2021
2086,15 Birr,50778,761670,6/8/2021
2087,25 Birr,41629,1040725,6/8/2021
2088,5 Birr,60113,300565,6/8/2021
2089,10 Birr,124022,1240220,6/8/2021
2090,50 Birr,14520,726000,6/8/2021
2091,100 Birr,5469,546900,6/8/2021
2092,250 Birr,5,1250,6/8/2021
2093,1000 Birr,3,3000,6/8/2021
2094,500 Birr,21,10500,6/8/2021
2095,15 Birr,64379,965685,6/7/2021
2096,50 Birr,17651,882550,6/7/2021
2097,100 Birr,4718,471800,6/7/2021
2098,25 Birr,47152,1178800,6/7/2021
2099,10 Birr,151173,1511730,6/7/2021
2100,5 Birr,72813,364065,6/7/2021
2101,1000 Birr,23,23000,6/7/2021
2102,500 Birr,7,3500,6/7/2021
2103,250 Birr,1,250,6/7/2021
2104,25 Birr,27636,690900,6/6/2021
2105,10 Birr,74449,744490,6/6/2021
2106,15 Birr,33231,498465,6/6/2021
2107,5 Birr,37588,187940,6/6/2021
2108,50 Birr,8424,421200,6/6/2021
2109,100 Birr,2119,211900,6/6/2021
2110,250 Birr,5,1250,6/6/2021
2111,1000 Birr,2,2000,6/6/2021
2112,500 Birr,4,2000,6/6/2021
2113,10 Birr,126512,1265120,6/5/2021
2114,15 Birr,56619,849285,6/5/2021
2115,100 Birr,5222,522200,6/5/2021
2116,50 Birr,16065,803250,6/5/2021
2117,25 Birr,45500,1137500,6/5/2021
2118,5 Birr,66275,331375,6/5/2021
2119,250 Birr,8,2000,6/5/2021
2120,1000 Birr,2,2000,6/5/2021
2121,500 Birr,3,1500,6/5/2021
2122,15 Birr,60568,908520,6/4/2021
2123,10 Birr,148401,1484010,6/4/2021
2124,25 Birr,39974,999350,6/4/2021
2125,5 Birr,59011,295055,6/4/2021
2126,50 Birr,14409,720450,6/4/2021
2127,100 Birr,4722,472200,6/4/2021
2128,500 Birr,24,12000,6/4/2021
2129,1000 Birr,5,5000,6/4/2021
2130,250 Birr,6,1500,6/4/2021
2131,25 Birr,38152,953800,6/3/2021
2132,50 Birr,14406,720300,6/3/2021
2133,10 Birr,112715,1127150,6/3/2021
2134,15 Birr,49906,748590,6/3/2021
2135,5 Birr,51816,259080,6/3/2021
2136,100 Birr,4538,453800,6/3/2021
2137,500 Birr,15,7500,6/3/2021
2138,1000 Birr,2,2000,6/3/2021
2139,250 Birr,4,1000,6/3/2021
2140,10 Birr,140178,1401780,6/2/2021
2141,25 Birr,41708,1042700,6/2/2021
2142,50 Birr,15381,769050,6/2/2021
2143,15 Birr,57659,864885,6/2/2021
2144,100 Birr,4734,473400,6/2/2021
2145,5 Birr,64875,324375,6/2/2021
2146,250 Birr,14,3500,6/2/2021
2147,1000 Birr,7,7000,6/2/2021
2148,500 Birr,7,3500,6/2/2021
2149,25 Birr,53460,1336500,6/1/2021
2150,10 Birr,159844,1598440,6/1/2021
2151,5 Birr,84503,422515,6/1/2021
2152,15 Birr,70113,1051695,6/1/2021
2153,50 Birr,19016,950800,6/1/2021
2154,500 Birr,24,12000,6/1/2021
2155,250 Birr,33,8250,6/1/2021
2156,1000 Birr,15,15000,6/1/2021
2157,100 Birr,6339,633900,6/1/2021
2158,10 Birr,132674,1326740,5/31/2021
2159,15 Birr,39803,597045,5/31/2021
2160,5 Birr,63912,319560,5/31/2021
2161,50 Birr,14429,721450,5/31/2021
2162,100 Birr,3823,382300,5/31/2021
2163,25 Birr,41934,1048350,5/31/2021
2164,250 Birr,9,2250,5/31/2021
2165,500 Birr,6,3000,5/31/2021
2166,1000 Birr,4,4000,5/31/2021
2167,100 Birr,2372,237200,5/30/2021
2168,50 Birr,8263,413150,5/30/2021
2169,5 Birr,37858,189290,5/30/2021
2170,10 Birr,71099,710990,5/30/2021
2171,25 Birr,23614,590350,5/30/2021
2172,15 Birr,30614,459210,5/30/2021
2173,1000 Birr,8,8000,5/30/2021
2174,5 Birr,66325,331625,5/29/2021
2175,50 Birr,16716,835800,5/29/2021
2176,10 Birr,150719,1507190,5/29/2021
2177,15 Birr,64104,961560,5/29/2021
2178,100 Birr,5459,545900,5/29/2021
2179,25 Birr,49454,1236350,5/29/2021
2180,250 Birr,2,500,5/29/2021
2181,1000 Birr,3,3000,5/29/2021
2182,100 Birr,3238,323800,5/28/2021
2183,10 Birr,120212,1202120,5/28/2021
2184,5 Birr,67051,335255,5/28/2021
2185,50 Birr,11043,552150,5/28/2021
2186,25 Birr,26781,669525,5/28/2021
2187,15 Birr,35126,526890,5/28/2021
2188,500 Birr,7,3500,5/28/2021
2189,250 Birr,15,3750,5/28/2021
2190,1000 Birr,12,12000,5/28/2021
2191,5 Birr,43764,218820,5/27/2021
2192,50 Birr,11155,557750,5/27/2021
2193,10 Birr,102919,1029190,5/27/2021
2194,25 Birr,32281,807025,5/27/2021
2195,15 Birr,40067,601005,5/27/2021
2196,100 Birr,4342,434200,5/27/2021
2197,1000 Birr,5,5000,5/27/2021
2198,500 Birr,14,7000,5/27/2021
2199,250 Birr,5,1250,5/27/2021
2200,5 Birr,53394,266970,5/26/2021
2201,25 Birr,34309,857725,5/26/2021
2202,50 Birr,12752,637600,5/26/2021
2203,10 Birr,133703,1337030,5/26/2021
2204,15 Birr,47077,706155,5/26/2021
2205,100 Birr,4107,410700,5/26/2021
2206,1000 Birr,7,7000,5/26/2021
2207,10 Birr,144939,1449390,5/25/2021
2208,5 Birr,80456,402280,5/25/2021
2209,25 Birr,44002,1100050,5/25/2021
2210,50 Birr,15270,763500,5/25/2021
2211,15 Birr,51610,774150,5/25/2021
2212,100 Birr,4643,464300,5/25/2021
2213,250 Birr,28,7000,5/25/2021
2214,500 Birr,2,1000,5/25/2021
2215,1000 Birr,5,5000,5/25/2021
2216,100 Birr,4760,476000,5/24/2021
2217,25 Birr,46183,1154575,5/24/2021
2218,15 Birr,57862,867930,5/24/2021
2219,10 Birr,138425,1384250,5/24/2021
2220,50 Birr,17960,898000,5/24/2021
2221,5 Birr,66216,331080,5/24/2021
2222,1000 Birr,3,3000,5/24/2021
2223,500 Birr,24,12000,5/24/2021
2224,250 Birr,3,750,5/24/2021
2225,25 Birr,22721,568025,5/23/2021
2226,100 Birr,2223,222300,5/23/2021
2227,15 Birr,29611,444165,5/23/2021
2228,50 Birr,7495,374750,5/23/2021
2229,5 Birr,35327,176635,5/23/2021
2230,10 Birr,73439,734390,5/23/2021
2231,1000 Birr,3,3000,5/23/2021
2232,250 Birr,3,750,5/23/2021
2233,500 Birr,9,4500,5/23/2021
2234,10 Birr,122370,1223700,5/22/2021
2235,15 Birr,58036,870540,5/22/2021
2236,5 Birr,61064,305320,5/22/2021
2237,25 Birr,46065,1151625,5/22/2021
2238,50 Birr,16096,804800,5/22/2021
2239,100 Birr,4810,481000,5/22/2021
2240,250 Birr,4,1000,5/22/2021
2241,500 Birr,6,3000,5/22/2021
2242,1000 Birr,20,20000,5/22/2021
2243,50 Birr,13780,689000,5/21/2021
2244,100 Birr,4639,463900,5/21/2021
2245,25 Birr,41664,1041600,5/21/2021
2246,10 Birr,138565,1385650,5/21/2021
2247,15 Birr,52731,790965,5/21/2021
2248,5 Birr,68465,342325,5/21/2021
2249,1000 Birr,3,3000,5/21/2021
2250,500 Birr,4,2000,5/21/2021
2251,250 Birr,9,2250,5/21/2021
2252,10 Birr,129514,1295140,5/20/2021
2253,15 Birr,54030,810450,5/20/2021
2254,50 Birr,13847,692350,5/20/2021
2255,25 Birr,40308,1007700,5/20/2021
2256,100 Birr,3887,388700,5/20/2021
2257,5 Birr,62147,310735,5/20/2021
2258,500 Birr,13,6500,5/20/2021
2259,250 Birr,3,750,5/20/2021
2260,1000 Birr,2,2000,5/20/2021
2261,15 Birr,50480,757200,5/19/2021
2262,25 Birr,38915,972875,5/19/2021
2263,10 Birr,126256,1262560,5/19/2021
2264,5 Birr,53865,269325,5/19/2021
2265,50 Birr,15521,776050,5/19/2021
2266,100 Birr,4450,445000,5/19/2021
2267,500 Birr,10,5000,5/19/2021
2268,1000 Birr,3,3000,5/19/2021
2269,10 Birr,133109,1331090,5/18/2021
2270,5 Birr,65306,326530,5/18/2021
2271,100 Birr,4772,477200,5/18/2021
2272,15 Birr,48814,732210,5/18/2021
2273,25 Birr,38532,963300,5/18/2021
2274,50 Birr,14131,706550,5/18/2021
2275,250 Birr,15,3750,5/18/2021
2276,500 Birr,11,5500,5/18/2021
2277,1000 Birr,18,18000,5/18/2021
2278,5 Birr,60970,304850,5/17/2021
2279,25 Birr,51663,1291575,5/17/2021
2280,10 Birr,142845,1428450,5/17/2021
2281,15 Birr,60633,909495,5/17/2021
2282,50 Birr,14147,707350,5/17/2021
2283,100 Birr,4677,467700,5/17/2021
2284,500 Birr,4,2000,5/17/2021
2285,250 Birr,7,1750,5/17/2021
2286,1000 Birr,3,3000,5/17/2021
2287,50 Birr,11963,598150,5/16/2021
2288,10 Birr,103995,1039950,5/16/2021
2289,15 Birr,42050,630750,5/16/2021
2290,25 Birr,37257,931425,5/16/2021
2291,100 Birr,4712,471200,5/16/2021
2292,5 Birr,53223,266115,5/16/2021
2293,500 Birr,3,1500,5/16/2021
2294,250 Birr,2,500,5/16/2021
2295,25 Birr,46511,1162775,5/15/2021
2296,50 Birr,16347,817350,5/15/2021
2297,5 Birr,67581,337905,5/15/2021
2298,10 Birr,134305,1343050,5/15/2021
2299,15 Birr,62548,938220,5/15/2021
2300,100 Birr,5212,521200,5/15/2021
2301,1000 Birr,1,1000,5/15/2021
2302,250 Birr,2,500,5/15/2021
2303,500 Birr,2,1000,5/15/2021
2304,50 Birr,16933,846650,5/14/2021
2305,10 Birr,136668,1366680,5/14/2021
2306,15 Birr,55693,835395,5/14/2021
2307,25 Birr,41470,1036750,5/14/2021
2308,5 Birr,65326,326630,5/14/2021
2309,100 Birr,5079,507900,5/14/2021
2310,500 Birr,4,2000,5/14/2021
2311,250 Birr,7,1750,5/14/2021
2312,1000 Birr,8,8000,5/14/2021
2313,5 Birr,29321,146605,5/13/2021
2314,25 Birr,21544,538600,5/13/2021
2315,50 Birr,8024,401200,5/13/2021
2316,100 Birr,3115,311500,5/13/2021
2317,10 Birr,66010,660100,5/13/2021
2318,250 Birr,9,2250,5/13/2021
2319,15 Birr,24319,364785,5/13/2021
2320,1000 Birr,3,3000,5/13/2021
2321,500 Birr,2,1000,5/13/2021
2322,100 Birr,4770,477000,5/12/2021
2323,50 Birr,15514,775700,5/12/2021
2324,25 Birr,50062,1251550,5/12/2021
2325,10 Birr,120788,1207880,5/12/2021
2326,5 Birr,68155,340775,5/12/2021
2327,15 Birr,56197,842955,5/12/2021
2328,250 Birr,10,2500,5/12/2021
2329,1000 Birr,1,1000,5/12/2021
2330,500 Birr,5,2500,5/12/2021
2331,25 Birr,43754,1093850,5/11/2021
2332,10 Birr,131876,1318760,5/11/2021
2333,50 Birr,15738,786900,5/11/2021
2334,15 Birr,54886,823290,5/11/2021
2335,100 Birr,6429,642900,5/11/2021
2336,5 Birr,57691,288455,5/11/2021
2337,250 Birr,10,2500,5/11/2021
2338,500 Birr,6,3000,5/11/2021
2339,1000 Birr,2,2000,5/11/2021
2340,5 Birr,63842,319210,5/10/2021
2341,50 Birr,16008,800400,5/10/2021
2342,15 Birr,57120,856800,5/10/2021
2343,25 Birr,43738,1093450,5/10/2021
2344,10 Birr,140501,1405010,5/10/2021
2345,100 Birr,5234,523400,5/10/2021
2346,500 Birr,11,5500,5/10/2021
2347,250 Birr,8,2000,5/10/2021
2348,1000 Birr,1,1000,5/10/2021
2349,5 Birr,31800,159000,5/9/2021
2350,10 Birr,77070,770700,5/9/2021
2351,25 Birr,25694,642350,5/9/2021
2352,15 Birr,34373,515595,5/9/2021
2353,50 Birr,9889,494450,5/9/2021
2354,100 Birr,3032,303200,5/9/2021
2355,250 Birr,5,1250,5/9/2021
2356,1000 Birr,4,4000,5/9/2021
2357,500 Birr,2,1000,5/9/2021
2358,15 Birr,38709,580635,5/8/2021
2359,5 Birr,49939,249695,5/8/2021
2360,10 Birr,113492,1134920,5/8/2021
2361,50 Birr,13814,690700,5/8/2021
2362,25 Birr,33810,845250,5/8/2021
2363,100 Birr,4445,444500,5/8/2021
2364,250 Birr,4,1000,5/8/2021
2365,1000 Birr,5,5000,5/8/2021
2366,500 Birr,3,1500,5/8/2021
2367,50 Birr,14015,700750,5/7/2021
2368,15 Birr,39206,588090,5/7/2021
2369,25 Birr,32623,815575,5/7/2021
2370,100 Birr,4714,471400,5/7/2021
2371,5 Birr,47928,239640,5/7/2021
2372,10 Birr,97904,979040,5/7/2021
2373,1000 Birr,8,8000,5/7/2021
2374,250 Birr,3,750,5/7/2021
2375,500 Birr,6,3000,5/7/2021
2376,50 Birr,16434,821700,5/6/2021
2377,5 Birr,60354,301770,5/6/2021
2378,15 Birr,55325,829875,5/6/2021
2379,25 Birr,47018,1175450,5/6/2021
2380,100 Birr,5537,553700,5/6/2021
2381,10 Birr,126883,1268830,5/6/2021
2382,1000 Birr,5,5000,5/6/2021
2383,500 Birr,8,4000,5/6/2021
2384,250 Birr,12,3000,5/6/2021
2385,10 Birr,96611,966110,5/5/2021
2386,5 Birr,44387,221935,5/5/2021
2387,15 Birr,47682,715230,5/5/2021
2388,25 Birr,36166,904150,5/5/2021
2389,50 Birr,12758,637900,5/5/2021
2390,100 Birr,3399,339900,5/5/2021
2391,500 Birr,3,1500,5/5/2021
2392,1000 Birr,2,2000,5/5/2021
2393,250 Birr,2,500,5/5/2021
2394,10 Birr,117776,1177760,5/4/2021
2395,100 Birr,5768,576800,5/4/2021
2396,25 Birr,45596,1139900,5/4/2021
2397,5 Birr,45617,228085,5/4/2021
2398,15 Birr,49102,736530,5/4/2021
2399,50 Birr,17192,859600,5/4/2021
2400,1000 Birr,5,5000,5/4/2021
2401,500 Birr,12,6000,5/4/2021
2402,250 Birr,8,2000,5/4/2021
2403,15 Birr,40913,613695,5/3/2021
2404,25 Birr,35655,891375,5/3/2021
2405,10 Birr,111434,1114340,5/3/2021
2406,50 Birr,15897,794850,5/3/2021
2407,5 Birr,57662,288310,5/3/2021
2408,100 Birr,5307,530700,5/3/2021
2409,250 Birr,31,7750,5/3/2021
2410,5 Birr,28659,143295,5/2/2021
2411,50 Birr,6953,347650,5/2/2021
2412,100 Birr,2101,210100,5/2/2021
2413,25 Birr,19061,476525,5/2/2021
2414,10 Birr,52182,521820,5/2/2021
2415,15 Birr,25763,386445,5/2/2021
2416,250 Birr,5,1250,5/2/2021
2417,500 Birr,5,2500,5/2/2021
2418,10 Birr,119333,1193330,5/1/2021
2419,25 Birr,37375,934375,5/1/2021
2420,50 Birr,15851,792550,5/1/2021
2421,5 Birr,48322,241610,5/1/2021
2422,15 Birr,52507,787605,5/1/2021
2423,100 Birr,5545,554500,5/1/2021
2424,1000 Birr,16,16000,5/1/2021
2425,250 Birr,21,5250,5/1/2021
2426,500 Birr,40,20000,5/1/2021
2427,5 Birr,35647,178235,4/30/2021
2428,10 Birr,77788,777880,4/30/2021
2429,25 Birr,26189,654725,4/30/2021
2430,15 Birr,36167,542505,4/30/2021
2431,50 Birr,9405,470250,4/30/2021
2432,100 Birr,3146,314600,4/30/2021
2433,1000 Birr,4,4000,4/30/2021
2434,500 Birr,5,2500,4/30/2021
2435,250 Birr,6,1500,4/30/2021
2436,50 Birr,10836,541800,4/29/2021
2437,100 Birr,3138,313800,4/29/2021
2438,5 Birr,50979,254895,4/29/2021
2439,10 Birr,99354,993540,4/29/2021
2440,25 Birr,29855,746375,4/29/2021
2441,15 Birr,41106,616590,4/29/2021
2442,250 Birr,8,2000,4/29/2021
2443,1000 Birr,2,2000,4/29/2021
2444,500 Birr,3,1500,4/29/2021
2445,50 Birr,12006,600300,4/28/2021
2446,5 Birr,55063,275315,4/28/2021
2447,10 Birr,95037,950370,4/28/2021
2448,25 Birr,31341,783525,4/28/2021
2449,15 Birr,40469,607035,4/28/2021
2450,100 Birr,6225,622500,4/28/2021
2451,500 Birr,15,7500,4/28/2021
2452,1000 Birr,4,4000,4/28/2021
2453,250 Birr,7,1750,4/28/2021
2454,50 Birr,13362,668100,4/27/2021
2455,10 Birr,112209,1122090,4/27/2021
2456,25 Birr,32066,801650,4/27/2021
2457,15 Birr,40107,601605,4/27/2021
2458,5 Birr,51274,256370,4/27/2021
2459,100 Birr,3568,356800,4/27/2021
2460,250 Birr,9,2250,4/27/2021
2461,500 Birr,3,1500,4/27/2021
2462,1000 Birr,6,6000,4/27/2021
2463,10 Birr,109379,1093790,4/26/2021
2464,50 Birr,10904,545200,4/26/2021
2465,15 Birr,47176,707640,4/26/2021
2466,25 Birr,39672,991800,4/26/2021
2467,5 Birr,44598,222990,4/26/2021
2468,100 Birr,3990,399000,4/26/2021
2469,1000 Birr,7,7000,4/26/2021
2470,500 Birr,7,3500,4/26/2021
2471,250 Birr,4,1000,4/26/2021
2472,10 Birr,56269,562690,4/25/2021
2473,100 Birr,1524,152400,4/25/2021
2474,50 Birr,7299,364950,4/25/2021
2475,5 Birr,25399,126995,4/25/2021
2476,15 Birr,22407,336105,4/25/2021
2477,25 Birr,17765,444125,4/25/2021
2478,1000 Birr,3,3000,4/25/2021
2479,250 Birr,2,500,4/25/2021
2480,500 Birr,2,1000,4/25/2021
2481,10 Birr,122089,1220890,4/24/2021
2482,5 Birr,58876,294380,4/24/2021
2483,15 Birr,41474,622110,4/24/2021
2484,25 Birr,30771,769275,4/24/2021
2485,50 Birr,11528,576400,4/24/2021
2486,100 Birr,3632,363200,4/24/2021
2487,500 Birr,4,2000,4/24/2021
2488,250 Birr,2,500,4/24/2021
2489,100 Birr,3595,359500,4/23/2021
2490,10 Birr,101822,1018220,4/23/2021
2491,15 Birr,37896,568440,4/23/2021
2492,25 Birr,33517,837925,4/23/2021
2493,5 Birr,46467,232335,4/23/2021
2494,50 Birr,12326,616300,4/23/2021
2495,500 Birr,5,2500,4/23/2021
2496,250 Birr,6,1500,4/23/2021
2497,1000 Birr,12,12000,4/23/2021
2498,50 Birr,10747,537350,4/22/2021
2499,15 Birr,42752,641280,4/22/2021
2500,5 Birr,55644,278220,4/22/2021
2501,10 Birr,90561,905610,4/22/2021
2502,100 Birr,4296,429600,4/22/2021
2503,25 Birr,30237,755925,4/22/2021
2504,250 Birr,3,750,4/22/2021
2505,500 Birr,5,2500,4/22/2021
2506,10 Birr,100149,1001490,4/21/2021
2507,15 Birr,38394,575910,4/21/2021
2508,5 Birr,47831,239155,4/21/2021
2509,50 Birr,9155,457750,4/21/2021
2510,25 Birr,28824,720600,4/21/2021
2511,100 Birr,3652,365200,4/21/2021
2512,500 Birr,2,1000,4/21/2021
2513,250 Birr,3,750,4/21/2021
2514,1000 Birr,6,6000,4/21/2021
2515,5 Birr,56536,282680,4/20/2021
2516,10 Birr,113223,1132230,4/20/2021
2517,25 Birr,28517,712925,4/20/2021
2518,50 Birr,13822,691100,4/20/2021
2519,15 Birr,45196,677940,4/20/2021
2520,100 Birr,4162,416200,4/20/2021
2521,1000 Birr,6,6000,4/20/2021
2522,500 Birr,4,2000,4/20/2021
2523,250 Birr,4,1000,4/20/2021
2524,10 Birr,113167,1131670,4/19/2021
2525,100 Birr,2788,278800,4/19/2021
2526,50 Birr,13247,662350,4/19/2021
2527,15 Birr,42455,636825,4/19/2021
2528,5 Birr,64045,320225,4/19/2021
2529,25 Birr,33640,841000,4/19/2021
2530,1000 Birr,3,3000,4/19/2021
2531,25 Birr,15641,391025,4/18/2021
2532,10 Birr,58987,589870,4/18/2021
2533,15 Birr,22903,343545,4/18/2021
2534,50 Birr,5720,286000,4/18/2021
2535,5 Birr,28395,141975,4/18/2021
2536,100 Birr,1736,173600,4/18/2021
2537,500 Birr,6,3000,4/18/2021
2538,5 Birr,46497,232485,4/17/2021
2539,15 Birr,39414,591210,4/17/2021
2540,10 Birr,84066,840660,4/17/2021
2541,25 Birr,32884,822100,4/17/2021
2542,100 Birr,2673,267300,4/17/2021
2543,50 Birr,8623,431150,4/17/2021
2544,1000 Birr,3,3000,4/17/2021
2545,250 Birr,1,250,4/17/2021
2546,500 Birr,3,1500,4/17/2021
2547,50 Birr,11537,576850,4/16/2021
2548,10 Birr,111761,1117610,4/16/2021
2549,5 Birr,36176,180880,4/16/2021
2550,15 Birr,38269,574035,4/16/2021
2551,25 Birr,28487,712175,4/16/2021
2552,100 Birr,4854,485400,4/16/2021
2553,250 Birr,4,1000,4/16/2021
2554,500 Birr,101,50500,4/16/2021
2555,1000 Birr,1,1000,4/16/2021
2556,10 Birr,110002,1100020,4/15/2021
2557,15 Birr,41590,623850,4/15/2021
2558,25 Birr,31744,793600,4/15/2021
2559,5 Birr,56365,281825,4/15/2021
2560,50 Birr,10697,534850,4/15/2021
2561,100 Birr,4018,401800,4/15/2021
2562,1000 Birr,2,2000,4/15/2021
2563,500 Birr,2,1000,4/15/2021
2564,250 Birr,8,2000,4/15/2021
2565,50 Birr,10926,546300,4/14/2021
2566,25 Birr,31244,781100,4/14/2021
2567,100 Birr,3221,322100,4/14/2021
2568,5 Birr,63282,316410,4/14/2021
2569,10 Birr,87782,877820,4/14/2021
2570,15 Birr,47825,717375,4/14/2021
2571,500 Birr,4,2000,4/14/2021
2572,1000 Birr,3,3000,4/14/2021
2573,250 Birr,1,250,4/14/2021
2574,100 Birr,3264,326400,4/13/2021
2575,10 Birr,129472,1294720,4/13/2021
2576,5 Birr,59515,297575,4/13/2021
2577,25 Birr,32619,815475,4/13/2021
2578,50 Birr,10820,541000,4/13/2021
2579,15 Birr,46597,698955,4/13/2021
2580,500 Birr,8,4000,4/13/2021
2581,250 Birr,4,1000,4/13/2021
2582,1000 Birr,3,3000,4/13/2021
2583,10 Birr,139927,1399270,4/12/2021
2584,15 Birr,46340,695100,4/12/2021
2585,25 Birr,35820,895500,4/12/2021
2586,50 Birr,13644,682200,4/12/2021
2587,100 Birr,4771,477100,4/12/2021
2588,5 Birr,70371,351855,4/12/2021
2589,500 Birr,9,4500,4/12/2021
2590,250 Birr,10,2500,4/12/2021
2591,1000 Birr,2,2000,4/12/2021
2592,25 Birr,18429,460725,4/11/2021
2593,15 Birr,22584,338760,4/11/2021
2594,10 Birr,69544,695440,4/11/2021
2595,100 Birr,2200,220000,4/11/2021
2596,5 Birr,29289,146445,4/11/2021
2597,50 Birr,5869,293450,4/11/2021
2598,250 Birr,5,1250,4/11/2021
2599,1000 Birr,3,3000,4/11/2021
2600,500 Birr,1,500,4/11/2021
2601,15 Birr,55344,830160,4/10/2021
2602,10 Birr,135205,1352050,4/10/2021
2603,25 Birr,47035,1175875,4/10/2021
2604,50 Birr,20737,1036850,4/10/2021
2605,100 Birr,3619,361900,4/10/2021
2606,5 Birr,94539,472695,4/10/2021
2607,500 Birr,12,6000,4/10/2021
2608,250 Birr,2,500,4/10/2021
2609,1000 Birr,2,2000,4/10/2021
2610,25 Birr,27152,678800,4/9/2021
2611,10 Birr,114394,1143940,4/9/2021
2612,15 Birr,32551,488265,4/9/2021
2613,5 Birr,44845,224225,4/9/2021
2614,50 Birr,10000,500000,4/9/2021
2615,100 Birr,3816,381600,4/9/2021
2616,500 Birr,8,4000,4/9/2021
2617,1000 Birr,6,6000,4/9/2021
2618,250 Birr,2,500,4/9/2021
2619,15 Birr,38686,580290,4/8/2021
2620,5 Birr,45547,227735,4/8/2021
2621,25 Birr,27244,681100,4/8/2021
2622,10 Birr,96232,962320,4/8/2021
2623,50 Birr,11481,574050,4/8/2021
2624,100 Birr,3127,312700,4/8/2021
2625,500 Birr,9,4500,4/8/2021
2626,1000 Birr,4,4000,4/8/2021
2627,250 Birr,1,250,4/8/2021
2628,25 Birr,31893,797325,4/7/2021
2629,5 Birr,53052,265260,4/7/2021
2630,15 Birr,39896,598440,4/7/2021
2631,100 Birr,3265,326500,4/7/2021
2632,10 Birr,104571,1045710,4/7/2021
2633,50 Birr,10706,535300,4/7/2021
2634,250 Birr,3,750,4/7/2021
2635,1000 Birr,4,4000,4/7/2021
2636,500 Birr,4,2000,4/7/2021
2637,10 Birr,95228,952280,4/6/2021
2638,5 Birr,50503,252515,4/6/2021
2639,15 Birr,39718,595770,4/6/2021
2640,25 Birr,28870,721750,4/6/2021
2641,100 Birr,3735,373500,4/6/2021
2642,50 Birr,11290,564500,4/6/2021
2643,500 Birr,22,11000,4/6/2021
2644,250 Birr,3,750,4/6/2021
2645,1000 Birr,2,2000,4/6/2021
2646,10 Birr,110520,1105200,4/5/2021
2647,5 Birr,59496,297480,4/5/2021
2648,25 Birr,32788,819700,4/5/2021
2649,15 Birr,40842,612630,4/5/2021
2650,100 Birr,3226,322600,4/5/2021
2651,50 Birr,12179,608950,4/5/2021
2652,500 Birr,12,6000,4/5/2021
2653,10 Birr,56881,568810,4/4/2021
2654,50 Birr,6880,344000,4/4/2021
2655,5 Birr,39224,196120,4/4/2021
2656,15 Birr,26126,391890,4/4/2021
2657,25 Birr,17732,443300,4/4/2021
2658,100 Birr,2270,227000,4/4/2021
2659,500 Birr,10,5000,4/4/2021
2660,5 Birr,75358,376790,4/3/2021
2661,15 Birr,49014,735210,4/3/2021
2662,25 Birr,38078,951950,4/3/2021
2663,10 Birr,129125,1291250,4/3/2021
2664,50 Birr,12564,628200,4/3/2021
2665,100 Birr,3904,390400,4/3/2021
2666,500 Birr,17,8500,4/3/2021
2667,1000 Birr,7,7000,4/3/2021
2668,250 Birr,7,1750,4/3/2021
2669,5 Birr,48939,244695,4/2/2021
2670,15 Birr,36465,546975,4/2/2021
2671,10 Birr,100570,1005700,4/2/2021
2672,50 Birr,9807,490350,4/2/2021
2673,25 Birr,25771,644275,4/2/2021
2674,100 Birr,2942,294200,4/2/2021
2675,250 Birr,8,2000,4/2/2021
2676,500 Birr,5,2500,4/2/2021
2677,15 Birr,38194,572910,4/1/2021
2678,5 Birr,41624,208120,4/1/2021
2679,10 Birr,90381,903810,4/1/2021
2680,50 Birr,11722,586100,4/1/2021
2681,100 Birr,4784,478400,4/1/2021
2682,25 Birr,29112,727800,4/1/2021
2683,1000 Birr,8,8000,4/1/2021
2684,500 Birr,14,7000,4/1/2021
2685,250 Birr,20,5000,4/1/2021
2686,50 Birr,10586,529300,3/31/2021
2687,5 Birr,54399,271995,3/31/2021
2688,10 Birr,98733,987330,3/31/2021
2689,15 Birr,38387,575805,3/31/2021
2690,25 Birr,29977,749425,3/31/2021
2691,100 Birr,4405,440500,3/31/2021
2692,250 Birr,5,1250,3/31/2021
2693,500 Birr,5,2500,3/31/2021
2694,1000 Birr,1,1000,3/31/2021
2695,50 Birr,10232,511600,3/30/2021
2696,15 Birr,42438,636570,3/30/2021
2697,10 Birr,113659,1136590,3/30/2021
2698,5 Birr,49455,247275,3/30/2021
2699,25 Birr,27720,693000,3/30/2021
2700,100 Birr,3166,316600,3/30/2021
2701,250 Birr,4,1000,3/30/2021
2702,500 Birr,7,3500,3/30/2021
2703,1000 Birr,4,4000,3/30/2021
2704,10 Birr,125420,1254200,3/29/2021
2705,15 Birr,40028,600420,3/29/2021
2706,25 Birr,26966,674150,3/29/2021
2707,5 Birr,54806,274030,3/29/2021
2708,50 Birr,11177,558850,3/29/2021
2709,100 Birr,2588,258800,3/29/2021
2710,1000 Birr,3,3000,3/29/2021
2711,500 Birr,23,11500,3/29/2021
2712,250 Birr,5,1250,3/29/2021
2713,100 Birr,2087,208700,3/28/2021
2714,50 Birr,6674,333700,3/28/2021
2715,25 Birr,17935,448375,3/28/2021
2716,10 Birr,64708,647080,3/28/2021
2717,15 Birr,24983,374745,3/28/2021
2718,5 Birr,27761,138805,3/28/2021
2719,500 Birr,2,1000,3/28/2021
2720,250 Birr,4,1000,3/28/2021
2721,5 Birr,61564,307820,3/27/2021
2722,25 Birr,33331,833275,3/27/2021
2723,10 Birr,110785,1107850,3/27/2021
2724,15 Birr,37190,557850,3/27/2021
2725,50 Birr,10163,508150,3/27/2021
2726,250 Birr,13,3250,3/27/2021
2727,100 Birr,2665,266500,3/27/2021
2728,500 Birr,13,6500,3/27/2021
2729,1000 Birr,7,7000,3/27/2021
2730,10 Birr,102488,1024880,3/26/2021
2731,25 Birr,28051,701275,3/26/2021
2732,100 Birr,3131,313100,3/26/2021
2733,50 Birr,9919,495950,3/26/2021
2734,15 Birr,38862,582930,3/26/2021
2735,5 Birr,50513,252565,3/26/2021
2736,250 Birr,3,750,3/26/2021
2737,1000 Birr,2,2000,3/26/2021
2738,500 Birr,2,1000,3/26/2021
2739,5 Birr,46714,233570,3/25/2021
2740,10 Birr,89566,895660,3/25/2021
2741,500 Birr,7,3500,3/25/2021
2742,15 Birr,44084,661260,3/25/2021
2743,25 Birr,25970,649250,3/25/2021
2744,100 Birr,4015,401500,3/25/2021
2745,50 Birr,9598,479900,3/25/2021
2746,250 Birr,10,2500,3/25/2021
2747,1000 Birr,8,8000,3/25/2021
2748,10 Birr,83905,839050,3/24/2021
2749,5 Birr,40388,201940,3/24/2021
2750,25 Birr,23254,581350,3/24/2021
2751,15 Birr,14475,217125,3/24/2021
2752,250 Birr,3,750,3/24/2021
2753,50 Birr,9341,467050,3/24/2021
2754,100 Birr,2709,270900,3/24/2021
2755,500 Birr,11,5500,3/24/2021
2756,1000 Birr,4,4000,3/24/2021
2757,10 Birr,81595,815950,3/23/2021
2758,5 Birr,42238,211190,3/23/2021
2759,15 Birr,32711,490665,3/23/2021
2760,25 Birr,24439,610975,3/23/2021
2761,50 Birr,8665,433250,3/23/2021
2762,100 Birr,2579,257900,3/23/2021
2763,1000 Birr,4,4000,3/23/2021
2764,500 Birr,6,3000,3/23/2021
2765,250 Birr,5,1250,3/23/2021
2766,15 Birr,38147,572205,3/22/2021
2767,10 Birr,107174,1071740,3/22/2021
2768,25 Birr,30474,761850,3/22/2021
2769,50 Birr,10154,507700,3/22/2021
2770,5 Birr,46259,231295,3/22/2021
2771,100 Birr,3582,358200,3/22/2021
2772,250 Birr,7,1750,3/22/2021
2773,500 Birr,7,3500,3/22/2021
2774,1000 Birr,8,8000,3/22/2021
2775,5 Birr,20304,101520,3/21/2021
2776,10 Birr,40531,405310,3/21/2021
2777,50 Birr,4276,213800,3/21/2021
2778,15 Birr,18553,278295,3/21/2021
2779,25 Birr,13413,335325,3/21/2021
2780,100 Birr,1676,167600,3/21/2021
2781,250 Birr,2,500,3/21/2021
2782,500 Birr,3,1500,3/21/2021
2783,100 Birr,2723,272300,3/20/2021
2784,25 Birr,29775,744375,3/20/2021
2785,50 Birr,9570,478500,3/20/2021
2786,15 Birr,36071,541065,3/20/2021
2787,10 Birr,98535,985350,3/20/2021
2788,5 Birr,40128,200640,3/20/2021
2789,500 Birr,5,2500,3/20/2021
2790,250 Birr,6,1500,3/20/2021
2791,1000 Birr,6,6000,3/20/2021
2792,10 Birr,68006,680060,3/19/2021
2793,5 Birr,40377,201885,3/19/2021
2794,100 Birr,2619,261900,3/19/2021
2795,25 Birr,17897,447425,3/19/2021
2796,50 Birr,8357,417850,3/19/2021
2797,15 Birr,23995,359925,3/19/2021
2798,1000 Birr,4,4000,3/19/2021
2799,500 Birr,7,3500,3/19/2021
2800,25 Birr,36218,905450,3/18/2021
2801,15 Birr,48471,727065,3/18/2021
2802,10 Birr,110684,1106840,3/18/2021
2803,100 Birr,4217,421700,3/18/2021
2804,5 Birr,47755,238775,3/18/2021
2805,50 Birr,12693,634650,3/18/2021
2806,50 Birr,10170,508500,3/17/2021
2807,10 Birr,117863,1178630,3/17/2021
2808,5 Birr,56017,280085,3/17/2021
2809,15 Birr,39068,586020,3/17/2021
2810,25 Birr,33775,844375,3/17/2021
2811,100 Birr,3995,399500,3/17/2021
2812,500 Birr,1,500,3/17/2021
2813,1000 Birr,1,1000,3/17/2021
2814,5 Birr,61822,309110,3/16/2021
2815,10 Birr,113140,1131400,3/16/2021
2816,15 Birr,41217,618255,3/16/2021
2817,25 Birr,27840,696000,3/16/2021
2818,50 Birr,11199,559950,3/16/2021
2819,100 Birr,3613,361300,3/16/2021
2820,500 Birr,26,13000,3/16/2021
2821,250 Birr,20,5000,3/16/2021
2822,1000 Birr,11,11000,3/16/2021
2823,10 Birr,76184,761840,3/15/2021
2824,25 Birr,24972,624300,3/15/2021
2825,50 Birr,9934,496700,3/15/2021
2826,15 Birr,35210,528150,3/15/2021
2827,5 Birr,38439,192195,3/15/2021
2828,100 Birr,3121,312100,3/15/2021
2829,250 Birr,8,2000,3/15/2021
2830,1000 Birr,12,12000,3/15/2021
2831,500 Birr,5,2500,3/15/2021
2832,15 Birr,21031,315465,3/14/2021
2833,50 Birr,5311,265550,3/14/2021
2834,25 Birr,17498,437450,3/14/2021
2835,100 Birr,1677,167700,3/14/2021
2836,10 Birr,57641,576410,3/14/2021
2837,5 Birr,28283,141415,3/14/2021
2838,1000 Birr,5,5000,3/14/2021
2839,500 Birr,3,1500,3/14/2021
2840,250 Birr,3,750,3/14/2021
2841,15 Birr,35140,527100,3/13/2021
2842,50 Birr,11088,554400,3/13/2021
2843,5 Birr,41990,209950,3/13/2021
2844,25 Birr,31737,793425,3/13/2021
2845,10 Birr,88407,884070,3/13/2021
2846,100 Birr,4350,435000,3/13/2021
2847,250 Birr,9,2250,3/13/2021
2848,500 Birr,5,2500,3/13/2021
2849,1000 Birr,1,1000,3/13/2021
2850,15 Birr,31079,466185,3/12/2021
2851,10 Birr,87828,878280,3/12/2021
2852,25 Birr,26069,651725,3/12/2021
2853,50 Birr,10472,523600,3/12/2021
2854,5 Birr,41302,206510,3/12/2021
2855,250 Birr,3,750,3/12/2021
2856,100 Birr,3140,314000,3/12/2021
2857,500 Birr,6,3000,3/12/2021
2858,1000 Birr,5,5000,3/12/2021
2859,15 Birr,35051,525765,3/11/2021
2860,10 Birr,78694,786940,3/11/2021
2861,5 Birr,46977,234885,3/11/2021
2862,25 Birr,26882,672050,3/11/2021
2863,50 Birr,9955,497750,3/11/2021
2864,100 Birr,2888,288800,3/11/2021
2865,250 Birr,11,2750,3/11/2021
2866,1000 Birr,5,5000,3/11/2021
2867,500 Birr,5,2500,3/11/2021
2868,50 Birr,8805,440250,3/10/2021
2869,10 Birr,106588,1065880,3/10/2021
2870,25 Birr,27276,681900,3/10/2021
2871,100 Birr,2853,285300,3/10/2021
2872,15 Birr,37527,562905,3/10/2021
2873,5 Birr,50519,252595,3/10/2021
2874,500 Birr,5,2500,3/10/2021
2875,250 Birr,8,2000,3/10/2021
2876,50 Birr,11822,591100,3/9/2021
2877,10 Birr,110718,1107180,3/9/2021
2878,100 Birr,4435,443500,3/9/2021
2879,15 Birr,44306,664590,3/9/2021
2880,25 Birr,33962,849050,3/9/2021
2881,5 Birr,55127,275635,3/9/2021
2882,500 Birr,25,12500,3/9/2021
2883,250 Birr,6,1500,3/9/2021
2884,1000 Birr,1,1000,3/9/2021
2885,15 Birr,53391,800865,3/8/2021
2886,10 Birr,130831,1308310,3/8/2021
2887,25 Birr,39866,996650,3/8/2021
2888,5 Birr,75580,377900,3/8/2021
2889,50 Birr,11791,589550,3/8/2021
2890,100 Birr,4098,409800,3/8/2021
2891,250 Birr,6,1500,3/8/2021
2892,1000 Birr,2,2000,3/8/2021
2893,500 Birr,2,1000,3/8/2021
2894,10 Birr,49217,492170,3/7/2021
2895,5 Birr,20283,101415,3/7/2021
2896,15 Birr,19128,286920,3/7/2021
2897,50 Birr,5792,289600,3/7/2021
2898,25 Birr,14216,355400,3/7/2021
2899,100 Birr,1936,193600,3/7/2021
2900,250 Birr,3,750,3/7/2021
2901,500 Birr,4,2000,3/7/2021
2902,10 Birr,119064,1190640,3/6/2021
2903,5 Birr,79628,398140,3/6/2021
2904,15 Birr,49433,741495,3/6/2021
2905,25 Birr,40402,1010050,3/6/2021
2906,50 Birr,17224,861200,3/6/2021
2907,100 Birr,5075,507500,3/6/2021
2908,1000 Birr,15,15000,3/6/2021
2909,500 Birr,9,4500,3/6/2021
2910,250 Birr,3,750,3/6/2021
2911,25 Birr,27465,686625,3/5/2021
2912,50 Birr,10951,547550,3/5/2021
2913,10 Birr,99119,991190,3/5/2021
2914,5 Birr,48631,243155,3/5/2021
2915,15 Birr,36277,544155,3/5/2021
2916,100 Birr,3746,374600,3/5/2021
2917,1000 Birr,1,1000,3/5/2021
2918,500 Birr,6,3000,3/5/2021
2919,250 Birr,9,2250,3/5/2021
2920,10 Birr,94163,941630,3/4/2021
2921,5 Birr,49504,247520,3/4/2021
2922,50 Birr,10734,536700,3/4/2021
2923,15 Birr,34844,522660,3/4/2021
2924,25 Birr,26959,673975,3/4/2021
2925,100 Birr,3775,377500,3/4/2021
2926,250 Birr,3,750,3/4/2021
2927,1000 Birr,3,3000,3/4/2021
2928,500 Birr,2,1000,3/4/2021
2929,15 Birr,44222,663330,3/3/2021
2930,10 Birr,124156,1241560,3/3/2021
2931,50 Birr,10142,507100,3/3/2021
2932,25 Birr,32858,821450,3/3/2021
2933,5 Birr,58988,294940,3/3/2021
2934,100 Birr,3784,378400,3/3/2021
2935,500 Birr,11,5500,3/3/2021
2936,1000 Birr,6,6000,3/3/2021
2937,250 Birr,2,500,3/3/2021
2938,50 Birr,8242,412100,3/2/2021
2939,10 Birr,102650,1026500,3/2/2021
2940,15 Birr,32188,482820,3/2/2021
2941,5 Birr,39707,198535,3/2/2021
2942,25 Birr,25398,634950,3/2/2021
2943,100 Birr,2564,256400,3/2/2021
2944,1000 Birr,8,8000,3/2/2021
2945,500 Birr,15,7500,3/2/2021
2946,250 Birr,4,1000,3/2/2021
2947,5 Birr,40666,203330,3/1/2021
2948,10 Birr,88128,881280,3/1/2021
2949,15 Birr,39842,597630,3/1/2021
2950,25 Birr,25760,644000,3/1/2021
2951,50 Birr,11085,554250,3/1/2021
2952,100 Birr,4214,421400,3/1/2021
2953,1000 Birr,13,13000,3/1/2021
2954,500 Birr,20,10000,3/1/2021
2955,250 Birr,25,6250,3/1/2021
2956,10 Birr,51976,519760,2/28/2021
2957,5 Birr,27580,137900,2/28/2021
2958,25 Birr,14637,365925,2/28/2021
2959,15 Birr,22096,331440,2/28/2021
2960,50 Birr,5500,275000,2/28/2021
2961,100 Birr,1620,162000,2/28/2021
2962,250 Birr,7,1750,2/28/2021
2963,1000 Birr,2,2000,2/28/2021
2964,25 Birr,31746,793650,2/27/2021
2965,15 Birr,41697,625455,2/27/2021
2966,50 Birr,8858,442900,2/27/2021
2967,5 Birr,62994,314970,2/27/2021
2968,100 Birr,2553,255300,2/27/2021
2969,10 Birr,105488,1054880,2/27/2021
2970,250 Birr,3,750,2/27/2021
2971,500 Birr,3,1500,2/27/2021
2972,1000 Birr,2,2000,2/27/2021
2973,5 Birr,41175,205875,2/26/2021
2974,10 Birr,83105,831050,2/26/2021
2975,25 Birr,27331,683275,2/26/2021
2976,100 Birr,4324,432400,2/26/2021
2977,15 Birr,32090,481350,2/26/2021
2978,50 Birr,10758,537900,2/26/2021
2979,250 Birr,3,750,2/26/2021
2980,1000 Birr,13,13000,2/26/2021
2981,500 Birr,2,1000,2/26/2021
2982,5 Birr,45385,226925,2/25/2021
2983,10 Birr,88438,884380,2/25/2021
2984,15 Birr,33005,495075,2/25/2021
2985,25 Birr,24919,622975,2/25/2021
2986,50 Birr,9052,452600,2/25/2021
2987,100 Birr,3102,310200,2/25/2021
2988,500 Birr,12,6000,2/25/2021
2989,1000 Birr,3,3000,2/25/2021
2990,250 Birr,5,1250,2/25/2021
2991,50 Birr,7904,395200,2/24/2021
2992,100 Birr,2815,281500,2/24/2021
2993,10 Birr,79636,796360,2/24/2021
2994,15 Birr,36473,547095,2/24/2021
2995,25 Birr,21920,548000,2/24/2021
2996,5 Birr,46788,233940,2/24/2021
2997,1000 Birr,2,2000,2/24/2021
2998,500 Birr,13,6500,2/24/2021
2999,250 Birr,44,11000,2/24/2021
3000,10 Birr,111276,1112760,2/23/2021
3001,5 Birr,42864,214320,2/23/2021
3002,15 Birr,39680,595200,2/23/2021
3003,25 Birr,35941,898525,2/23/2021
3004,50 Birr,11554,577700,2/23/2021
3005,100 Birr,3009,300900,2/23/2021
3006,1000 Birr,4,4000,2/23/2021
3007,500 Birr,10,5000,2/23/2021
3008,250 Birr,6,1500,2/23/2021
3009,10 Birr,118071,1180710,2/22/2021
3010,5 Birr,64024,320120,2/22/2021
3011,15 Birr,44550,668250,2/22/2021
3012,25 Birr,31920,798000,2/22/2021
3013,50 Birr,11973,598650,2/22/2021
3014,100 Birr,4042,404200,2/22/2021
3015,1000 Birr,3,3000,2/22/2021
3016,500 Birr,3,1500,2/22/2021
3017,250 Birr,1,250,2/22/2021
3018,15 Birr,21944,329160,2/21/2021
3019,10 Birr,62548,625480,2/21/2021
3020,100 Birr,1395,139500,2/21/2021
3021,25 Birr,14027,350675,2/21/2021
3022,5 Birr,32847,164235,2/21/2021
3023,50 Birr,4749,237450,2/21/2021
3024,250 Birr,3,750,2/21/2021
3025,10 Birr,101418,1014180,2/20/2021
3026,25 Birr,26405,660125,2/20/2021
3027,15 Birr,33737,506055,2/20/2021
3028,5 Birr,69716,348580,2/20/2021
3029,50 Birr,9645,482250,2/20/2021
3030,100 Birr,3552,355200,2/20/2021
3031,1000 Birr,1,1000,2/20/2021
3032,500 Birr,7,3500,2/20/2021
3033,250 Birr,7,1750,2/20/2021
3034,50 Birr,8077,403850,2/19/2021
3035,5 Birr,41182,205910,2/19/2021
3036,10 Birr,75181,751810,2/19/2021
3037,25 Birr,21391,534775,2/19/2021
3038,15 Birr,28305,424575,2/19/2021
3039,100 Birr,2544,254400,2/19/2021
3040,1000 Birr,7,7000,2/19/2021
3041,500 Birr,5,2500,2/19/2021
3042,250 Birr,10,2500,2/19/2021
3043,25 Birr,24407,610175,2/18/2021
3044,10 Birr,82437,824370,2/18/2021
3045,5 Birr,40375,201875,2/18/2021
3046,100 Birr,3556,355600,2/18/2021
3047,15 Birr,35215,528225,2/18/2021
3048,50 Birr,9181,459050,2/18/2021
3049,250 Birr,6,1500,2/18/2021
3050,500 Birr,4,2000,2/18/2021
3051,1000 Birr,5,5000,2/18/2021
3052,5 Birr,40379,201895,2/17/2021
3053,10 Birr,108470,1084700,2/17/2021
3054,25 Birr,30273,756825,2/17/2021
3055,15 Birr,41771,626565,2/17/2021
3056,50 Birr,12238,611900,2/17/2021
3057,100 Birr,3909,390900,2/17/2021
3058,500 Birr,6,3000,2/17/2021
3059,1000 Birr,4,4000,2/17/2021
3060,250 Birr,3,750,2/17/2021
3061,10 Birr,94196,941960,2/16/2021
3062,5 Birr,46618,233090,2/16/2021
3063,15 Birr,40733,610995,2/16/2021
3064,25 Birr,28385,709625,2/16/2021
3065,100 Birr,3459,345900,2/16/2021
3066,250 Birr,5,1250,2/16/2021
3067,50 Birr,9668,483400,2/16/2021
3068,1000 Birr,7,7000,2/16/2021
3069,500 Birr,8,4000,2/16/2021
3070,10 Birr,126726,1267260,2/15/2021
3071,15 Birr,44632,669480,2/15/2021
3072,25 Birr,34575,864375,2/15/2021
3073,50 Birr,10444,522200,2/15/2021
3074,5 Birr,58183,290915,2/15/2021
3075,100 Birr,3662,366200,2/15/2021
3076,250 Birr,4,1000,2/15/2021
3077,1000 Birr,1,1000,2/15/2021
3078,500 Birr,7,3500,2/15/2021
3079,50 Birr,6352,317600,2/14/2021
3080,100 Birr,2403,240300,2/14/2021
3081,15 Birr,22282,334230,2/14/2021
3082,10 Birr,52462,524620,2/14/2021
3083,5 Birr,26246,131230,2/14/2021
3084,25 Birr,15780,394500,2/14/2021
3085,500 Birr,5,2500,2/14/2021
3086,1000 Birr,3,3000,2/14/2021
3087,250 Birr,4,1000,2/14/2021
3088,10 Birr,102996,1029960,2/13/2021
3089,250 Birr,5,1250,2/13/2021
3090,5 Birr,57555,287775,2/13/2021
3091,15 Birr,46080,691200,2/13/2021
3092,25 Birr,34104,852600,2/13/2021
3093,50 Birr,12364,618200,2/13/2021
3094,100 Birr,3490,349000,2/13/2021
3095,500 Birr,32,16000,2/13/2021
3096,1000 Birr,4,4000,2/13/2021
3097,15 Birr,36004,540060,2/12/2021
3098,25 Birr,26975,674375,2/12/2021
3099,50 Birr,9343,467150,2/12/2021
3100,10 Birr,106325,1063250,2/12/2021
3101,5 Birr,56654,283270,2/12/2021
3102,100 Birr,3112,311200,2/12/2021
3103,250 Birr,13,3250,2/12/2021
3104,500 Birr,27,13500,2/12/2021
3105,1000 Birr,7,7000,2/12/2021
3106,5 Birr,48343,241715,2/11/2021
3107,10 Birr,105300,1053000,2/11/2021
3108,25 Birr,35228,880700,2/11/2021
3109,15 Birr,42590,638850,2/11/2021
3110,50 Birr,13074,653700,2/11/2021
3111,100 Birr,4125,412500,2/11/2021
3112,1000 Birr,3,3000,2/11/2021
3113,250 Birr,1,250,2/11/2021
3114,10 Birr,117194,1171940,2/10/2021
3115,25 Birr,27455,686375,2/10/2021
3116,15 Birr,38695,580425,2/10/2021
3117,50 Birr,9470,473500,2/10/2021
3118,5 Birr,60581,302905,2/10/2021
3119,100 Birr,3233,323300,2/10/2021
3120,1000 Birr,6,6000,2/10/2021
3121,5 Birr,55549,277745,2/9/2021
3122,10 Birr,100485,1004850,2/9/2021
3123,15 Birr,39691,595365,2/9/2021
3124,25 Birr,29186,729650,2/9/2021
3125,50 Birr,13065,653250,2/9/2021
3126,100 Birr,3230,323000,2/9/2021
3127,250 Birr,18,4500,2/9/2021
3128,1000 Birr,4,4000,2/9/2021
3129,15 Birr,47212,708180,2/8/2021
3130,10 Birr,132542,1325420,2/8/2021
3131,5 Birr,66701,333505,2/8/2021
3132,25 Birr,37173,929325,2/8/2021
3133,100 Birr,4693,469300,2/8/2021
3134,50 Birr,14474,723700,2/8/2021
3135,1000 Birr,3,3000,2/8/2021
3136,500 Birr,43,21500,2/8/2021
3137,250 Birr,18,4500,2/8/2021
3138,50 Birr,6620,331000,2/7/2021
3139,10 Birr,66249,662490,2/7/2021
3140,100 Birr,1782,178200,2/7/2021
3141,15 Birr,25529,382935,2/7/2021
3142,25 Birr,16473,411825,2/7/2021
3143,5 Birr,26915,134575,2/7/2021
3144,250 Birr,5,1250,2/7/2021
3145,500 Birr,3,1500,2/7/2021
3146,1000 Birr,1,1000,2/7/2021
3147,25 Birr,35075,876875,2/6/2021
3148,50 Birr,11376,568800,2/6/2021
3149,5 Birr,57289,286445,2/6/2021
3150,15 Birr,45629,684435,2/6/2021
3151,10 Birr,115017,1150170,2/6/2021
3152,100 Birr,4176,417600,2/6/2021
3153,250 Birr,5,1250,2/6/2021
3154,1000 Birr,7,7000,2/6/2021
3155,500 Birr,2,1000,2/6/2021
3156,15 Birr,40710,610650,2/5/2021
3157,25 Birr,29695,742375,2/5/2021
3158,10 Birr,110485,1104850,2/5/2021
3159,50 Birr,10901,545050,2/5/2021
3160,100 Birr,3701,370100,2/5/2021
3161,5 Birr,59114,295570,2/5/2021
3162,250 Birr,9,2250,2/5/2021
3163,500 Birr,5,2500,2/5/2021
3164,1000 Birr,3,3000,2/5/2021
3165,5 Birr,64059,320295,2/4/2021
3166,10 Birr,107992,1079920,2/4/2021
3167,15 Birr,40465,606975,2/4/2021
3168,25 Birr,26291,657275,2/4/2021
3169,50 Birr,12719,635950,2/4/2021
3170,100 Birr,4138,413800,2/4/2021
3171,250 Birr,2,500,2/4/2021
3172,1000 Birr,8,8000,2/4/2021
3173,500 Birr,11,5500,2/4/2021
3174,15 Birr,49542,743130,2/3/2021
3175,10 Birr,124300,1243000,2/3/2021
3176,50 Birr,13015,650750,2/3/2021
3177,25 Birr,34759,868975,2/3/2021
3178,5 Birr,72111,360555,2/3/2021
3179,100 Birr,4197,419700,2/3/2021
3180,1000 Birr,5,5000,2/3/2021
3181,500 Birr,19,9500,2/3/2021
3182,250 Birr,7,1750,2/3/2021
3183,100 Birr,4000,400000,2/2/2021
3184,50 Birr,14333,716650,2/2/2021
3185,15 Birr,42734,641010,2/2/2021
3186,10 Birr,120531,1205310,2/2/2021
3187,25 Birr,38227,955675,2/2/2021
3188,5 Birr,61592,307960,2/2/2021
3189,1000 Birr,11,11000,2/2/2021
3190,10 Birr,133606,1336060,2/1/2021
3191,5 Birr,69974,349870,2/1/2021
3192,25 Birr,38453,961325,2/1/2021
3193,50 Birr,14192,709600,2/1/2021
3194,15 Birr,49402,741030,2/1/2021
3195,100 Birr,4580,458000,2/1/2021
3196,500 Birr,5,2500,2/1/2021
3197,1000 Birr,2,2000,2/1/2021
3198,5 Birr,41640,208200,1/31/2021
3199,15 Birr,27554,413310,1/31/2021
3200,10 Birr,77922,779220,1/31/2021
3201,25 Birr,19880,497000,1/31/2021
3202,50 Birr,8824,441200,1/31/2021
3203,100 Birr,2279,227900,1/31/2021
3204,500 Birr,24,12000,1/31/2021
3205,10 Birr,112275,1122750,1/30/2021
3206,25 Birr,32949,823725,1/30/2021
3207,50 Birr,12566,628300,1/30/2021
3208,15 Birr,48031,720465,1/30/2021
3209,5 Birr,64316,321580,1/30/2021
3210,100 Birr,4424,442400,1/30/2021
3211,250 Birr,1,250,1/30/2021
3212,500 Birr,11,5500,1/30/2021
3213,50 Birr,11652,582600,1/29/2021
3214,10 Birr,112490,1124900,1/29/2021
3215,100 Birr,4924,492400,1/29/2021
3216,5 Birr,64949,324745,1/29/2021
3217,15 Birr,42563,638445,1/29/2021
3218,25 Birr,31376,784400,1/29/2021
3219,1000 Birr,5,5000,1/29/2021
3220,500 Birr,60,30000,1/29/2021
3221,250 Birr,58,14500,1/29/2021
3222,10 Birr,107940,1079400,1/28/2021
3223,5 Birr,69752,348760,1/28/2021
3224,25 Birr,27672,691800,1/28/2021
3225,50 Birr,10413,520650,1/28/2021
3226,250 Birr,11,2750,1/28/2021
3227,15 Birr,39603,594045,1/28/2021
3228,100 Birr,2381,238100,1/28/2021
3229,500 Birr,14,7000,1/28/2021
3230,1000 Birr,4,4000,1/28/2021
3231,10 Birr,131047,1310470,1/27/2021
3232,5 Birr,55455,277275,1/27/2021
3233,15 Birr,40522,607830,1/27/2021
3234,25 Birr,32497,812425,1/27/2021
3235,50 Birr,11845,592250,1/27/2021
3236,100 Birr,4265,426500,1/27/2021
3237,1000 Birr,3,3000,1/27/2021
3238,500 Birr,17,8500,1/27/2021
3239,250 Birr,8,2000,1/27/2021
3240,100 Birr,4624,462400,1/26/2021
3241,10 Birr,111052,1110520,1/26/2021
3242,15 Birr,39887,598305,1/26/2021
3243,25 Birr,29490,737250,1/26/2021
3244,5 Birr,53922,269610,1/26/2021
3245,50 Birr,10797,539850,1/26/2021
3246,1000 Birr,5,5000,1/26/2021
3247,250 Birr,9,2250,1/26/2021
3248,500 Birr,9,4500,1/26/2021
3249,5 Birr,74345,371725,1/25/2021
3250,50 Birr,15718,785900,1/25/2021
3251,15 Birr,46108,691620,1/25/2021
3252,10 Birr,127204,1272040,1/25/2021
3253,100 Birr,4623,462300,1/25/2021
3254,25 Birr,35056,876400,1/25/2021
3255,1000 Birr,11,11000,1/25/2021
3256,15 Birr,28633,429495,1/24/2021
3257,10 Birr,79138,791380,1/24/2021
3258,50 Birr,7615,380750,1/24/2021
3259,25 Birr,20811,520275,1/24/2021
3260,5 Birr,34081,170405,1/24/2021
3261,100 Birr,2349,234900,1/24/2021
3262,1000 Birr,1,1000,1/24/2021
3263,5 Birr,73802,369010,1/23/2021
3264,10 Birr,150577,1505770,1/23/2021
3265,25 Birr,41475,1036875,1/23/2021
3266,50 Birr,14782,739100,1/23/2021
3267,100 Birr,5503,550300,1/23/2021
3268,15 Birr,57609,864135,1/23/2021
3269,500 Birr,42,21000,1/23/2021
3270,1000 Birr,6,6000,1/23/2021
3271,250 Birr,9,2250,1/23/2021
3272,15 Birr,43788,656820,1/22/2021
3273,10 Birr,124319,1243190,1/22/2021
3274,25 Birr,36830,920750,1/22/2021
3275,5 Birr,58408,292040,1/22/2021
3276,100 Birr,3825,382500,1/22/2021
3277,50 Birr,11250,562500,1/22/2021
3278,250 Birr,10,2500,1/22/2021
3279,1000 Birr,7,7000,1/22/2021
3280,500 Birr,11,5500,1/22/2021
3281,5 Birr,50826,254130,1/21/2021
3282,10 Birr,99903,999030,1/21/2021
3283,15 Birr,40508,607620,1/21/2021
3284,25 Birr,31106,777650,1/21/2021
3285,50 Birr,11338,566900,1/21/2021
3286,100 Birr,4440,444000,1/21/2021
3287,500 Birr,12,6000,1/21/2021
3288,250 Birr,5,1250,1/21/2021
3289,1000 Birr,3,3000,1/21/2021
3290,15 Birr,53440,801600,1/20/2021
3291,10 Birr,113409,1134090,1/20/2021
3292,100 Birr,3454,345400,1/20/2021
3293,50 Birr,11095,554750,1/20/2021
3294,25 Birr,44025,1100625,1/20/2021
3295,5 Birr,59578,297890,1/20/2021
3296,500 Birr,6,3000,1/20/2021
3297,250 Birr,7,1750,1/20/2021
3298,15 Birr,33886,508290,1/19/2021
3299,5 Birr,49880,249400,1/19/2021
3300,25 Birr,23822,595550,1/19/2021
3301,10 Birr,91418,914180,1/19/2021
3302,50 Birr,8376,418800,1/19/2021
3303,100 Birr,3031,303100,1/19/2021
3304,250 Birr,4,1000,1/19/2021
3305,1000 Birr,4,4000,1/19/2021
3306,500 Birr,4,2000,1/19/2021
3307,5 Birr,65867,329335,1/18/2021
3308,10 Birr,114438,1144380,1/18/2021
3309,50 Birr,20314,1015700,1/18/2021
3310,15 Birr,43908,658620,1/18/2021
3311,100 Birr,7227,722700,1/18/2021
3312,25 Birr,37273,931825,1/18/2021
3313,1000 Birr,9,9000,1/18/2021
3314,250 Birr,5,1250,1/18/2021
3315,500 Birr,6,3000,1/18/2021
3316,25 Birr,24352,608800,1/17/2021
3317,10 Birr,84071,840710,1/17/2021
3318,5 Birr,42778,213890,1/17/2021
3319,100 Birr,3142,314200,1/17/2021
3320,50 Birr,8516,425800,1/17/2021
3321,15 Birr,33486,502290,1/17/2021
3322,500 Birr,6,3000,1/17/2021
3323,250 Birr,2,500,1/17/2021
3324,1000 Birr,3,3000,1/17/2021
3325,5 Birr,64857,324285,1/16/2021
3326,10 Birr,117034,1170340,1/16/2021
3327,100 Birr,4371,437100,1/16/2021
3328,15 Birr,45094,676410,1/16/2021
3329,25 Birr,47301,1182525,1/16/2021
3330,50 Birr,12157,607850,1/16/2021
3331,250 Birr,9,2250,1/16/2021
3332,500 Birr,10,5000,1/16/2021
3333,50 Birr,9446,472300,1/15/2021
3334,15 Birr,40127,601905,1/15/2021
3335,10 Birr,116938,1169380,1/15/2021
3336,25 Birr,32724,818100,1/15/2021
3337,5 Birr,62207,311035,1/15/2021
3338,250 Birr,7,1750,1/15/2021
3339,100 Birr,3118,311800,1/15/2021
3340,500 Birr,4,2000,1/15/2021
3341,1000 Birr,2,2000,1/15/2021
3342,5 Birr,60349,301745,1/14/2021
3343,25 Birr,28736,718400,1/14/2021
3344,15 Birr,38135,572025,1/14/2021
3345,10 Birr,107238,1072380,1/14/2021
3346,50 Birr,9834,491700,1/14/2021
3347,100 Birr,2691,269100,1/14/2021
3348,250 Birr,3,750,1/14/2021
3349,1000 Birr,3,3000,1/14/2021
3350,500 Birr,4,2000,1/14/2021
3351,5 Birr,54247,271235,1/13/2021
3352,10 Birr,115371,1153710,1/13/2021
3353,15 Birr,39683,595245,1/13/2021
3354,50 Birr,11069,553450,1/13/2021
3355,25 Birr,29952,748800,1/13/2021
3356,100 Birr,3734,373400,1/13/2021
3357,1000 Birr,5,5000,1/13/2021
3358,500 Birr,11,5500,1/13/2021
3359,250 Birr,8,2000,1/13/2021
3360,5 Birr,57468,287340,1/12/2021
3361,50 Birr,12870,643500,1/12/2021
3362,25 Birr,35696,892400,1/12/2021
3363,10 Birr,105927,1059270,1/12/2021
3364,15 Birr,44566,668490,1/12/2021
3365,100 Birr,3861,386100,1/12/2021
3366,1000 Birr,43,43000,1/12/2021
3367,250 Birr,7,1750,1/12/2021
3368,500 Birr,7,3500,1/12/2021
3369,10 Birr,139731,1397310,1/11/2021
3370,5 Birr,64659,323295,1/11/2021
3371,15 Birr,53093,796395,1/11/2021
3372,25 Birr,37235,930875,1/11/2021
3373,50 Birr,18441,922050,1/11/2021
3374,100 Birr,6061,606100,1/11/2021
3375,1000 Birr,8,8000,1/11/2021
3376,250 Birr,6,1500,1/11/2021
3377,500 Birr,11,5500,1/11/2021
3378,5 Birr,48956,244780,1/10/2021
3379,10 Birr,82155,821550,1/10/2021
3380,15 Birr,29950,449250,1/10/2021
3381,50 Birr,8364,418200,1/10/2021
3382,100 Birr,2922,292200,1/10/2021
3383,25 Birr,26955,673875,1/10/2021
3384,250 Birr,5,1250,1/10/2021
3385,500 Birr,2,1000,1/10/2021
3386,1000 Birr,1,1000,1/10/2021
3387,10 Birr,140554,1405540,1/9/2021
3388,5 Birr,82771,413855,1/9/2021
3389,25 Birr,48304,1207600,1/9/2021
3390,100 Birr,4460,446000,1/9/2021
3391,50 Birr,14841,742050,1/9/2021
3392,15 Birr,53658,804870,1/9/2021
3393,500 Birr,8,4000,1/9/2021
3394,250 Birr,1,250,1/9/2021
3395,5 Birr,92076,460380,1/8/2021
3396,100 Birr,5516,551600,1/8/2021
3397,25 Birr,40580,1014500,1/8/2021
3398,10 Birr,165459,1654590,1/8/2021
3399,15 Birr,52769,791535,1/8/2021
3400,50 Birr,13926,696300,1/8/2021
3401,250 Birr,12,3000,1/8/2021
3402,500 Birr,10,5000,1/8/2021
3403,1000 Birr,2,2000,1/8/2021
3404,15 Birr,40302,604530,1/7/2021
3405,5 Birr,37396,186980,1/7/2021
3406,25 Birr,32791,819775,1/7/2021
3407,50 Birr,9524,476200,1/7/2021
3408,10 Birr,69378,693780,1/7/2021
3409,100 Birr,5417,541700,1/7/2021
3410,250 Birr,5,1250,1/7/2021
3411,500 Birr,4,2000,1/7/2021
3412,1000 Birr,3,3000,1/7/2021
3413,10 Birr,128939,1289390,1/6/2021
3414,25 Birr,41899,1047475,1/6/2021
3415,5 Birr,71496,357480,1/6/2021
3416,50 Birr,18299,914950,1/6/2021
3417,15 Birr,49715,745725,1/6/2021
3418,100 Birr,5179,517900,1/6/2021
3419,500 Birr,5,2500,1/6/2021
3420,1000 Birr,6,6000,1/6/2021
3421,250 Birr,5,1250,1/6/2021
3422,10 Birr,122838,1228380,1/5/2021
3423,15 Birr,44796,671940,1/5/2021
3424,50 Birr,14247,712350,1/5/2021
3425,25 Birr,33023,825575,1/5/2021
3426,100 Birr,4282,428200,1/5/2021
3427,5 Birr,68737,343685,1/5/2021
3428,1000 Birr,9,9000,1/5/2021
3429,250 Birr,4,1000,1/5/2021
3430,500 Birr,6,3000,1/5/2021
3431,15 Birr,43296,649440,1/4/2021
3432,25 Birr,30342,758550,1/4/2021
3433,5 Birr,63756,318780,1/4/2021
3434,10 Birr,121183,1211830,1/4/2021
3435,50 Birr,12937,646850,1/4/2021
3436,100 Birr,4687,468700,1/4/2021
3437,1000 Birr,6,6000,1/4/2021
3438,5 Birr,52160,260800,1/3/2021
3439,15 Birr,35172,527580,1/3/2021
3440,50 Birr,8418,420900,1/3/2021
3441,25 Birr,27521,688025,1/3/2021
3442,100 Birr,2970,297000,1/3/2021
3443,10 Birr,94555,945550,1/3/2021
3444,1000 Birr,3,3000,1/3/2021
3445,25 Birr,43842,1096050,1/2/2021
3446,5 Birr,63083,315415,1/2/2021
3447,10 Birr,133899,1338990,1/2/2021
3448,50 Birr,15045,752250,1/2/2021
3449,15 Birr,50998,764970,1/2/2021
3450,100 Birr,4822,482200,1/2/2021
3451,1000 Birr,10,10000,1/2/2021
3452,10 Birr,142699,1426990,1/1/2021
3453,100 Birr,5380,538000,1/1/2021
3454,15 Birr,51871,778065,1/1/2021
3455,25 Birr,33208,830200,1/1/2021
3456,50 Birr,13801,690050,1/1/2021
3457,5 Birr,58883,294415,1/1/2021
3458,250 Birr,24,6000,1/1/2021
3459,1000 Birr,13,13000,1/1/2021
3460,50 Birr,13768,688400,12/31/2020
3461,10 Birr,137194,1371940,12/31/2020
3462,15 Birr,44899,673485,12/31/2020
3463,100 Birr,4439,443900,12/31/2020
3464,25 Birr,40161,1004025,12/31/2020
3465,5 Birr,72867,364335,12/31/2020
3466,250 Birr,17,4250,12/31/2020
3467,500 Birr,37,18500,12/31/2020
3468,1000 Birr,6,6000,12/31/2020
3469,5 Birr,97283,486415,12/30/2020
3470,10 Birr,156573,1565730,12/30/2020
3471,15 Birr,50018,750270,12/30/2020
3472,25 Birr,37421,935525,12/30/2020
3473,50 Birr,14280,714000,12/30/2020
3474,100 Birr,5665,566500,12/30/2020
3475,1000 Birr,6,6000,12/30/2020
3476,250 Birr,15,3750,12/30/2020
3477,10 Birr,161150,1611500,12/29/2020
3478,15 Birr,55390,830850,12/29/2020
3479,5 Birr,80839,404195,12/29/2020
3480,25 Birr,40672,1016800,12/29/2020
3481,50 Birr,19396,969800,12/29/2020
3482,100 Birr,7373,737300,12/29/2020
3483,250 Birr,9,2250,12/29/2020
3484,1000 Birr,5,5000,12/29/2020
3485,500 Birr,20,10000,12/29/2020
3486,10 Birr,120941,1209410,12/28/2020
3487,15 Birr,57253,858795,12/28/2020
3488,25 Birr,41895,1047375,12/28/2020
3489,5 Birr,69792,348960,12/28/2020
3490,50 Birr,14043,702150,12/28/2020
3491,100 Birr,5872,587200,12/28/2020
3492,1000 Birr,15,15000,12/28/2020
3493,250 Birr,19,4750,12/28/2020
3494,25 Birr,24496,612400,12/27/2020
3495,50 Birr,7402,370100,12/27/2020
3496,10 Birr,97355,973550,12/27/2020
3497,5 Birr,51728,258640,12/27/2020
3498,100 Birr,2513,251300,12/27/2020
3499,15 Birr,33879,508185,12/27/2020
3500,250 Birr,7,1750,12/27/2020
3501,10 Birr,130098,1300980,12/26/2020
3502,25 Birr,35788,894700,12/26/2020
3503,5 Birr,70153,350765,12/26/2020
3504,50 Birr,14617,730850,12/26/2020
3505,15 Birr,47707,715605,12/26/2020
3506,100 Birr,4876,487600,12/26/2020
3507,250 Birr,11,2750,12/26/2020
3508,1000 Birr,3,3000,12/26/2020
3509,500 Birr,6,3000,12/26/2020
3510,5 Birr,68459,342295,12/25/2020
3511,15 Birr,45139,677085,12/25/2020
3512,100 Birr,4003,400300,12/25/2020
3513,50 Birr,12676,633800,12/25/2020
3514,10 Birr,124258,1242580,12/25/2020
3515,25 Birr,33636,840900,12/25/2020
3516,1000 Birr,10,10000,12/25/2020
3517,500 Birr,56,28000,12/25/2020
3518,250 Birr,9,2250,12/25/2020
3519,10 Birr,127711,1277110,12/24/2020
3520,5 Birr,64717,323585,12/24/2020
3521,25 Birr,33950,848750,12/24/2020
3522,15 Birr,47244,708660,12/24/2020
3523,50 Birr,13542,677100,12/24/2020
3524,100 Birr,4334,433400,12/24/2020
3525,250 Birr,9,2250,12/24/2020
3526,500 Birr,5,2500,12/24/2020
3527,1000 Birr,6,6000,12/24/2020
3528,50 Birr,12084,604200,12/23/2020
3529,100 Birr,3864,386400,12/23/2020
3530,25 Birr,34776,869400,12/23/2020
3531,10 Birr,129615,1296150,12/23/2020
3532,15 Birr,42648,639720,12/23/2020
3533,5 Birr,78306,391530,12/23/2020
3534,250 Birr,7,1750,12/23/2020
3535,1000 Birr,13,13000,12/23/2020
3536,500 Birr,9,4500,12/23/2020
3537,25 Birr,28317,707925,12/22/2020
3538,5 Birr,57526,287630,12/22/2020
3539,10 Birr,105612,1056120,12/22/2020
3540,15 Birr,39955,599325,12/22/2020
3541,50 Birr,11095,554750,12/22/2020
3542,100 Birr,4669,466900,12/22/2020
3543,250 Birr,7,1750,12/22/2020
3544,1000 Birr,7,7000,12/22/2020
3545,500 Birr,3,1500,12/22/2020
3546,10 Birr,134871,1348710,12/21/2020
3547,100 Birr,4345,434500,12/21/2020
3548,25 Birr,40525,1013125,12/21/2020
3549,5 Birr,71582,357910,12/21/2020
3550,15 Birr,49969,749535,12/21/2020
3551,50 Birr,12239,611950,12/21/2020
3552,1000 Birr,7,7000,12/21/2020
3553,250 Birr,6,1500,12/21/2020
3554,500 Birr,8,4000,12/21/2020
3555,100 Birr,2209,220900,12/20/2020
3556,10 Birr,90340,903400,12/20/2020
3557,5 Birr,55793,278965,12/20/2020
3558,15 Birr,36957,554355,12/20/2020
3559,25 Birr,26647,666175,12/20/2020
3560,50 Birr,8806,440300,12/20/2020
3561,500 Birr,7,3500,12/20/2020
3562,250 Birr,7,1750,12/20/2020
3563,1000 Birr,2,2000,12/20/2020
3564,10 Birr,128041,1280410,12/19/2020
3565,25 Birr,41281,1032025,12/19/2020
3566,50 Birr,14544,727200,12/19/2020
3567,5 Birr,72418,362090,12/19/2020
3568,15 Birr,50511,757665,12/19/2020
3569,100 Birr,4951,495100,12/19/2020
3570,250 Birr,15,3750,12/19/2020
3571,1000 Birr,7,7000,12/19/2020
3572,500 Birr,6,3000,12/19/2020
3573,10 Birr,100421,1004210,12/18/2020
3574,50 Birr,10596,529800,12/18/2020
3575,5 Birr,63236,316180,12/18/2020
3576,25 Birr,32748,818700,12/18/2020
3577,15 Birr,44867,673005,12/18/2020
3578,100 Birr,3177,317700,12/18/2020
3579,250 Birr,15,3750,12/18/2020
3580,1000 Birr,2,2000,12/18/2020
3581,25 Birr,34736,868400,12/17/2020
3582,5 Birr,74745,373725,12/17/2020
3583,100 Birr,4988,498800,12/17/2020
3584,10 Birr,130921,1309210,12/17/2020
3585,15 Birr,45848,687720,12/17/2020
3586,50 Birr,12353,617650,12/17/2020
3587,250 Birr,7,1750,12/17/2020
3588,500 Birr,66,33000,12/17/2020
3589,1000 Birr,6,6000,12/17/2020
3590,5 Birr,74810,374050,12/16/2020
3591,10 Birr,132679,1326790,12/16/2020
3592,100 Birr,4310,431000,12/16/2020
3593,15 Birr,46760,701400,12/16/2020
3594,25 Birr,32236,805900,12/16/2020
3595,50 Birr,12231,611550,12/16/2020
3596,500 Birr,23,11500,12/16/2020
3597,1000 Birr,6,6000,12/16/2020
3598,250 Birr,5,1250,12/16/2020
3599,10 Birr,140814,1408140,12/15/2020
3600,50 Birr,14029,701450,12/15/2020
3601,25 Birr,38469,961725,12/15/2020
3602,15 Birr,53657,804855,12/15/2020
3603,100 Birr,4587,458700,12/15/2020
3604,5 Birr,77158,385790,12/15/2020
3605,1000 Birr,4,4000,12/15/2020
3606,500 Birr,11,5500,12/15/2020
3607,250 Birr,6,1500,12/15/2020
3608,10 Birr,146646,1466460,12/14/2020
3609,100 Birr,5157,515700,12/14/2020
3610,5 Birr,78816,394080,12/14/2020
3611,25 Birr,38166,954150,12/14/2020
3612,15 Birr,50522,757830,12/14/2020
3613,250 Birr,6,1500,12/14/2020
3614,50 Birr,15567,778350,12/14/2020
3615,500 Birr,48,24000,12/14/2020
3616,1000 Birr,6,6000,12/14/2020
3617,10 Birr,79974,799740,12/13/2020
3618,5 Birr,46372,231860,12/13/2020
3619,15 Birr,29251,438765,12/13/2020
3620,100 Birr,2396,239600,12/13/2020
3621,50 Birr,7400,370000,12/13/2020
3622,25 Birr,21806,545150,12/13/2020
3623,1000 Birr,2,2000,12/13/2020
3624,250 Birr,2,500,12/13/2020
3625,500 Birr,4,2000,12/13/2020
3626,15 Birr,50461,756915,12/12/2020
3627,10 Birr,141362,1413620,12/12/2020
3628,25 Birr,40943,1023575,12/12/2020
3629,5 Birr,68053,340265,12/12/2020
3630,100 Birr,4820,482000,12/12/2020
3631,50 Birr,14592,729600,12/12/2020
3632,1000 Birr,5,5000,12/12/2020
3633,250 Birr,7,1750,12/12/2020
3634,500 Birr,7,3500,12/12/2020
3635,5 Birr,51699,258495,12/11/2020
3636,15 Birr,41866,627990,12/11/2020
3637,25 Birr,33014,825350,12/11/2020
3638,50 Birr,11318,565900,12/11/2020
3639,100 Birr,4612,461200,12/11/2020
3640,10 Birr,95502,955020,12/11/2020
3641,500 Birr,5,2500,12/11/2020
3642,250 Birr,7,1750,12/11/2020
3643,1000 Birr,1,1000,12/11/2020
3644,10 Birr,120009,1200090,12/10/2020
3645,5 Birr,65622,328110,12/10/2020
3646,25 Birr,34343,858575,12/10/2020
3647,50 Birr,12257,612850,12/10/2020
3648,15 Birr,45572,683580,12/10/2020
3649,100 Birr,3709,370900,12/10/2020
3650,1000 Birr,2,2000,12/10/2020
3651,250 Birr,4,1000,12/10/2020
3652,500 Birr,1,500,12/10/2020
3653,15 Birr,50923,763845,12/9/2020
3654,25 Birr,39358,983950,12/9/2020
3655,10 Birr,127424,1274240,12/9/2020
3656,5 Birr,64772,323860,12/9/2020
3657,50 Birr,17878,893900,12/9/2020
3658,100 Birr,6042,604200,12/9/2020
3659,1000 Birr,5,5000,12/9/2020
3660,250 Birr,5,1250,12/9/2020
3661,500 Birr,6,3000,12/9/2020
3662,10 Birr,135701,1357010,12/8/2020
3663,50 Birr,15511,775550,12/8/2020
3664,25 Birr,36267,906675,12/8/2020
3665,15 Birr,47805,717075,12/8/2020
3666,5 Birr,70845,354225,12/8/2020
3667,100 Birr,4099,409900,12/8/2020
3668,250 Birr,9,2250,12/8/2020
3669,500 Birr,7,3500,12/8/2020
3670,1000 Birr,1,1000,12/8/2020
3671,50 Birr,15520,776000,12/7/2020
3672,10 Birr,121000,1210000,12/7/2020
3673,25 Birr,34828,870700,12/7/2020
3674,5 Birr,71427,357135,12/7/2020
3675,15 Birr,46293,694395,12/7/2020
3676,100 Birr,4316,431600,12/7/2020
3677,500 Birr,15,7500,12/7/2020
3678,250 Birr,2,500,12/7/2020
3679,10 Birr,74458,744580,12/6/2020
3680,25 Birr,21825,545625,12/6/2020
3681,50 Birr,6931,346550,12/6/2020
3682,15 Birr,28936,434040,12/6/2020
3683,5 Birr,41651,208255,12/6/2020
3684,100 Birr,2184,218400,12/6/2020
3685,250 Birr,3,750,12/6/2020
3686,500 Birr,2,1000,12/6/2020
3687,1000 Birr,3,3000,12/6/2020
3688,10 Birr,143918,1439180,12/5/2020
3689,5 Birr,70101,350505,12/5/2020
3690,15 Birr,48447,726705,12/5/2020
3691,25 Birr,38883,972075,12/5/2020
3692,50 Birr,12335,616750,12/5/2020
3693,100 Birr,3662,366200,12/5/2020
3694,250 Birr,12,3000,12/5/2020
3695,500 Birr,5,2500,12/5/2020
3696,1000 Birr,1,1000,12/5/2020
3697,15 Birr,44111,661665,12/4/2020
3698,10 Birr,124235,1242350,12/4/2020
3699,5 Birr,73197,365985,12/4/2020
3700,50 Birr,13310,665500,12/4/2020
3701,100 Birr,5504,550400,12/4/2020
3702,25 Birr,36416,910400,12/4/2020
3703,250 Birr,5,1250,12/4/2020
3704,1000 Birr,27,27000,12/4/2020
3705,500 Birr,9,4500,12/4/2020
3706,10 Birr,119163,1191630,12/3/2020
3707,100 Birr,4170,417000,12/3/2020
3708,50 Birr,13858,692900,12/3/2020
3709,25 Birr,30692,767300,12/3/2020
3710,5 Birr,65925,329625,12/3/2020
3711,15 Birr,40629,609435,12/3/2020
3712,250 Birr,8,2000,12/3/2020
3713,500 Birr,9,4500,12/3/2020
3714,1000 Birr,5,5000,12/3/2020
3715,5 Birr,68523,342615,12/2/2020
3716,50 Birr,17682,884100,12/2/2020
3717,25 Birr,36804,920100,12/2/2020
3718,15 Birr,44706,670590,12/2/2020
3719,10 Birr,124915,1249150,12/2/2020
3720,100 Birr,5843,584300,12/2/2020
3721,500 Birr,19,9500,12/2/2020
3722,1000 Birr,9,9000,12/2/2020
3723,250 Birr,8,2000,12/2/2020
3724,5 Birr,57444,287220,12/1/2020
3725,10 Birr,124338,1243380,12/1/2020
3726,15 Birr,47383,710745,12/1/2020
3727,25 Birr,34718,867950,12/1/2020
3728,50 Birr,12670,633500,12/1/2020
3729,100 Birr,5881,588100,12/1/2020
3730,1000 Birr,7,7000,12/1/2020
3731,250 Birr,10,2500,12/1/2020
3732,500 Birr,3,1500,12/1/2020
3733,25 Birr,46604,1165100,11/30/2020
3734,10 Birr,147493,1474930,11/30/2020
3735,5 Birr,84312,421560,11/30/2020
3736,15 Birr,60247,903705,11/30/2020
3737,50 Birr,18903,945150,11/30/2020
3738,100 Birr,5711,571100,11/30/2020
3739,250 Birr,13,3250,11/30/2020
3740,500 Birr,6,3000,11/30/2020
3741,1000 Birr,1,1000,11/30/2020
3742,5 Birr,41371,206855,11/29/2020
3743,25 Birr,20684,517100,11/29/2020
3744,50 Birr,6856,342800,11/29/2020
3745,10 Birr,72744,727440,11/29/2020
3746,15 Birr,25862,387930,11/29/2020
3747,100 Birr,2269,226900,11/29/2020
3748,1000 Birr,7,7000,11/29/2020
3749,250 Birr,4,1000,11/29/2020
3750,500 Birr,6,3000,11/29/2020
3751,15 Birr,41032,615480,11/28/2020
3752,25 Birr,31803,795075,11/28/2020
3753,50 Birr,13484,674200,11/28/2020
3754,100 Birr,5807,580700,11/28/2020
3755,5 Birr,50371,251855,11/28/2020
3756,10 Birr,112486,1124860,11/28/2020
3757,1000 Birr,3,3000,11/28/2020
3758,250 Birr,14,3500,11/28/2020
3759,500 Birr,44,22000,11/28/2020
3760,100 Birr,4466,446600,11/27/2020
3761,5 Birr,70022,350110,11/27/2020
3762,10 Birr,128253,1282530,11/27/2020
3763,50 Birr,11786,589300,11/27/2020
3764,15 Birr,47257,708855,11/27/2020
3765,25 Birr,36791,919775,11/27/2020
3766,250 Birr,25,6250,11/27/2020
3767,1000 Birr,10,10000,11/27/2020
3768,10 Birr,99689,996890,11/26/2020
3769,25 Birr,37696,942400,11/26/2020
3770,5 Birr,53118,265590,11/26/2020
3771,15 Birr,50565,758475,11/26/2020
3772,50 Birr,12910,645500,11/26/2020
3773,100 Birr,4476,447600,11/26/2020
3774,500 Birr,52,26000,11/26/2020
3775,1000 Birr,15,15000,11/26/2020
3776,250 Birr,7,1750,11/26/2020
3777,5 Birr,61389,306945,11/25/2020
3778,15 Birr,52435,786525,11/25/2020
3779,10 Birr,116337,1163370,11/25/2020
3780,25 Birr,31700,792500,11/25/2020
3781,50 Birr,12555,627750,11/25/2020
3782,100 Birr,5711,571100,11/25/2020
3783,1000 Birr,7,7000,11/25/2020
3784,250 Birr,4,1000,11/25/2020
3785,500 Birr,5,2500,11/25/2020
3786,25 Birr,32413,810325,11/24/2020
3787,5 Birr,62978,314890,11/24/2020
3788,15 Birr,40902,613530,11/24/2020
3789,10 Birr,102764,1027640,11/24/2020
3790,100 Birr,3221,322100,11/24/2020
3791,50 Birr,10621,531050,11/24/2020
3792,1000 Birr,9,9000,11/24/2020
3793,500 Birr,9,4500,11/24/2020
3794,250 Birr,2,500,11/24/2020
3795,10 Birr,109417,1094170,11/23/2020
3796,15 Birr,36924,553860,11/23/2020
3797,25 Birr,25451,636275,11/23/2020
3798,5 Birr,47810,239050,11/23/2020
3799,50 Birr,10020,501000,11/23/2020
3800,100 Birr,3254,325400,11/23/2020
3801,1000 Birr,12,12000,11/23/2020
3802,500 Birr,20,10000,11/23/2020
3803,250 Birr,12,3000,11/23/2020
3804,15 Birr,27585,413775,11/22/2020
3805,25 Birr,21572,539300,11/22/2020
3806,50 Birr,7564,378200,11/22/2020
3807,10 Birr,69308,693080,11/22/2020
3808,100 Birr,2556,255600,11/22/2020
3809,5 Birr,35363,176815,11/22/2020
3810,1000 Birr,10,10000,11/22/2020
3811,500 Birr,5,2500,11/22/2020
3812,250 Birr,4,1000,11/22/2020
3813,100 Birr,3772,377200,11/21/2020
3814,10 Birr,118315,1183150,11/21/2020
3815,5 Birr,75525,377625,11/21/2020
3816,15 Birr,38021,570315,11/21/2020
3817,25 Birr,29820,745500,11/21/2020
3818,50 Birr,11515,575750,11/21/2020
3819,250 Birr,7,1750,11/21/2020
3820,500 Birr,18,9000,11/21/2020
3821,1000 Birr,7,7000,11/21/2020
3822,10 Birr,106284,1062840,11/20/2020
3823,25 Birr,29832,745800,11/20/2020
3824,5 Birr,55474,277370,11/20/2020
3825,15 Birr,41405,621075,11/20/2020
3826,50 Birr,11594,579700,11/20/2020
3827,100 Birr,3757,375700,11/20/2020
3828,500 Birr,4,2000,11/20/2020
3829,1000 Birr,6,6000,11/20/2020
3830,250 Birr,1,250,11/20/2020
3831,25 Birr,30666,766650,11/19/2020
3832,15 Birr,37803,567045,11/19/2020
3833,5 Birr,47782,238910,11/19/2020
3834,10 Birr,82980,829800,11/19/2020
3835,50 Birr,8490,424500,11/19/2020
3836,100 Birr,3603,360300,11/19/2020
3837,250 Birr,3,750,11/19/2020
3838,500 Birr,5,2500,11/19/2020
3839,1000 Birr,1,1000,11/19/2020
3840,10 Birr,105951,1059510,11/18/2020
3841,15 Birr,44478,667170,11/18/2020
3842,25 Birr,36064,901600,11/18/2020
3843,5 Birr,54898,274490,11/18/2020
3844,100 Birr,3790,379000,11/18/2020
3845,50 Birr,15545,777250,11/18/2020
3846,1000 Birr,3,3000,11/18/2020
3847,500 Birr,8,4000,11/18/2020
3848,250 Birr,4,1000,11/18/2020
3849,10 Birr,79316,793160,11/17/2020
3850,15 Birr,36801,552015,11/17/2020
3851,25 Birr,24402,610050,11/17/2020
3852,50 Birr,10694,534700,11/17/2020
3853,5 Birr,43125,215625,11/17/2020
3854,100 Birr,3592,359200,11/17/2020
3855,1000 Birr,4,4000,11/17/2020
3856,500 Birr,5,2500,11/17/2020
3857,250 Birr,9,2250,11/17/2020
3858,5 Birr,51432,257160,11/16/2020
3859,50 Birr,11147,557350,11/16/2020
3860,25 Birr,29779,744475,11/16/2020
3861,10 Birr,94818,948180,11/16/2020
3862,15 Birr,39685,595275,11/16/2020
3863,100 Birr,4805,480500,11/16/2020
3864,250 Birr,3,750,11/16/2020
3865,1000 Birr,4,4000,11/16/2020
3866,500 Birr,2,1000,11/16/2020
3867,10 Birr,64557,645570,11/15/2020
3868,5 Birr,38751,193755,11/15/2020
3869,15 Birr,24115,361725,11/15/2020
3870,25 Birr,17841,446025,11/15/2020
3871,50 Birr,6734,336700,11/15/2020
3872,100 Birr,1968,196800,11/15/2020
3873,500 Birr,2,1000,11/15/2020
3874,250 Birr,1,250,11/15/2020
3875,15 Birr,40656,609840,11/14/2020
3876,5 Birr,58987,294935,11/14/2020
3877,10 Birr,112650,1126500,11/14/2020
3878,25 Birr,29111,727775,11/14/2020
3879,100 Birr,4376,437600,11/14/2020
3880,50 Birr,12235,611750,11/14/2020
3881,250 Birr,4,1000,11/14/2020
3882,500 Birr,4,2000,11/14/2020
3883,1000 Birr,5,5000,11/14/2020
3884,10 Birr,85448,854480,11/13/2020
3885,50 Birr,11309,565450,11/13/2020
3886,15 Birr,29820,447300,11/13/2020
3887,25 Birr,28365,709125,11/13/2020
3888,5 Birr,49010,245050,11/13/2020
3889,100 Birr,4501,450100,11/13/2020
3890,500 Birr,11,5500,11/13/2020
3891,250 Birr,5,1250,11/13/2020
3892,1000 Birr,1,1000,11/13/2020
3893,10 Birr,95293,952930,11/12/2020
3894,15 Birr,40379,605685,11/12/2020
3895,5 Birr,48562,242810,11/12/2020
3896,50 Birr,12092,604600,11/12/2020
3897,100 Birr,3619,361900,11/12/2020
3898,25 Birr,31029,775725,11/12/2020
3899,250 Birr,3,750,11/12/2020
3900,1000 Birr,1,1000,11/12/2020
3901,500 Birr,3,1500,11/12/2020
3902,5 Birr,50366,251830,11/11/2020
3903,10 Birr,91135,911350,11/11/2020
3904,50 Birr,12401,620050,11/11/2020
3905,25 Birr,29854,746350,11/11/2020
3906,15 Birr,40870,613050,11/11/2020
3907,100 Birr,4467,446700,11/11/2020
3908,500 Birr,4,2000,11/11/2020
3909,250 Birr,4,1000,11/11/2020
3910,10 Birr,102138,1021380,11/10/2020
3911,5 Birr,50386,251930,11/10/2020
3912,25 Birr,34425,860625,11/10/2020
3913,50 Birr,10008,500400,11/10/2020
3914,100 Birr,3218,321800,11/10/2020
3915,15 Birr,43616,654240,11/10/2020
3916,500 Birr,3,1500,11/10/2020
3917,250 Birr,5,1250,11/10/2020
3918,1000 Birr,1,1000,11/10/2020
3919,10 Birr,90401,904010,11/9/2020
3920,15 Birr,35195,527925,11/9/2020
3921,5 Birr,47566,237830,11/9/2020
3922,25 Birr,29422,735550,11/9/2020
3923,50 Birr,11303,565150,11/9/2020
3924,100 Birr,3604,360400,11/9/2020
3925,250 Birr,13,3250,11/9/2020
3926,1000 Birr,3,3000,11/9/2020
3927,500 Birr,5,2500,11/9/2020
3928,15 Birr,18570,278550,11/8/2020
3929,10 Birr,49935,499350,11/8/2020
3930,25 Birr,13466,336650,11/8/2020
3931,100 Birr,1310,131000,11/8/2020
3932,50 Birr,4542,227100,11/8/2020
3933,5 Birr,28331,141655,11/8/2020
3934,250 Birr,2,500,11/8/2020
3935,1000 Birr,1,1000,11/8/2020
3936,10 Birr,91857,918570,11/7/2020
3937,5 Birr,47966,239830,11/7/2020
3938,50 Birr,11301,565050,11/7/2020
3939,25 Birr,27901,697525,11/7/2020
3940,15 Birr,37085,556275,11/7/2020
3941,100 Birr,3908,390800,11/7/2020
3942,500 Birr,1,500,11/7/2020
3943,250 Birr,6,1500,11/7/2020
3944,1000 Birr,3,3000,11/7/2020
3945,15 Birr,37317,559755,11/6/2020
3946,25 Birr,27546,688650,11/6/2020
3947,100 Birr,3582,358200,11/6/2020
3948,50 Birr,10751,537550,11/6/2020
3949,10 Birr,109028,1090280,11/6/2020
3950,5 Birr,48459,242295,11/6/2020
3951,250 Birr,3,750,11/6/2020
3952,500 Birr,7,3500,11/6/2020
3953,1000 Birr,2,2000,11/6/2020
3954,50 Birr,6928,346400,11/5/2020
3955,10 Birr,56510,565100,11/5/2020
3956,15 Birr,27838,417570,11/5/2020
3957,5 Birr,29493,147465,11/5/2020
3958,25 Birr,18882,472050,11/5/2020
3959,100 Birr,2495,249500,11/5/2020
3960,250 Birr,5,1250,11/5/2020
3961,1000 Birr,4,4000,11/5/2020
3962,500 Birr,6,3000,11/5/2020
3963,5 Birr,48853,244265,11/4/2020
3964,10 Birr,96129,961290,11/4/2020
3965,15 Birr,34995,524925,11/4/2020
3966,25 Birr,28913,722825,11/4/2020
3967,100 Birr,3169,316900,11/4/2020
3968,50 Birr,10814,540700,11/4/2020
3969,1000 Birr,7,7000,11/4/2020
3970,500 Birr,4,2000,11/4/2020
3971,250 Birr,3,750,11/4/2020
3972,15 Birr,31688,475320,11/3/2020
3973,5 Birr,43275,216375,11/3/2020
3974,10 Birr,78046,780460,11/3/2020
3975,25 Birr,22904,572600,11/3/2020
3976,50 Birr,9354,467700,11/3/2020
3977,100 Birr,2319,231900,11/3/2020
3978,500 Birr,7,3500,11/3/2020
3979,250 Birr,30,7500,11/3/2020
3980,1000 Birr,2,2000,11/3/2020
3981,25 Birr,20778,519450,11/2/2020
3982,50 Birr,8071,403550,11/2/2020
3983,5 Birr,36712,183560,11/2/2020
3984,100 Birr,2483,248300,11/2/2020
3985,15 Birr,28288,424320,11/2/2020
3986,10 Birr,70068,700680,11/2/2020
3987,1000 Birr,10,10000,11/2/2020
3988,500 Birr,6,3000,11/2/2020
3989,250 Birr,9,2250,11/2/2020
3990,5 Birr,24992,124960,11/1/2020
3991,15 Birr,18398,275970,11/1/2020
3992,10 Birr,46677,466770,11/1/2020
3993,25 Birr,16385,409625,11/1/2020
3994,50 Birr,5854,292700,11/1/2020
3995,100 Birr,1712,171200,11/1/2020
3996,500 Birr,6,3000,11/1/2020
3997,250 Birr,5,1250,11/1/2020
3998,10 Birr,62162,621620,10/31/2020
3999,15 Birr,23341,350115,10/31/2020
4000,25 Birr,17127,428175,10/31/2020
4001,5 Birr,33060,165300,10/31/2020
4002,50 Birr,7478,373900,10/31/2020
4003,100 Birr,2646,264600,10/31/2020
4004,1000 Birr,6,6000,10/31/2020
4005,250 Birr,11,2750,10/31/2020
4006,500 Birr,3,1500,10/31/2020
4007,10 Birr,60915,609150,10/30/2020
4008,15 Birr,22667,340005,10/30/2020
4009,25 Birr,16406,410150,10/30/2020
4010,50 Birr,5248,262400,10/30/2020
4011,100 Birr,1718,171800,10/30/2020
4012,5 Birr,30736,153680,10/30/2020
4013,250 Birr,5,1250,10/30/2020
4014,1000 Birr,1,1000,10/30/2020
4015,10 Birr,47635,476350,10/29/2020
4016,50 Birr,6293,314650,10/29/2020
4017,100 Birr,2111,211100,10/29/2020
4018,5 Birr,21840,109200,10/29/2020
4019,25 Birr,13968,349200,10/29/2020
4020,15 Birr,17130,256950,10/29/2020
4021,250 Birr,12,3000,10/29/2020
4022,1000 Birr,2,2000,10/29/2020
4023,10 Birr,65586,655860,10/28/2020
4024,5 Birr,36780,183900,10/28/2020
4025,15 Birr,24039,360585,10/28/2020
4026,25 Birr,17303,432575,10/28/2020
4027,50 Birr,7217,360850,10/28/2020
4028,100 Birr,2614,261400,10/28/2020
4029,250 Birr,4,1000,10/28/2020
4030,500 Birr,7,3500,10/28/2020
4031,1000 Birr,4,4000,10/28/2020
4032,25 Birr,20748,518700,10/27/2020
4033,10 Birr,56048,560480,10/27/2020
4034,15 Birr,27447,411705,10/27/2020
4035,5 Birr,30716,153580,10/27/2020
4036,100 Birr,2942,294200,10/27/2020
4037,50 Birr,7091,354550,10/27/2020
4038,500 Birr,11,5500,10/27/2020
4039,250 Birr,9,2250,10/27/2020
4040,1000 Birr,2,2000,10/27/2020
4041,15 Birr,30069,451035,10/26/2020
4042,5 Birr,37493,187465,10/26/2020
4043,25 Birr,24445,611125,10/26/2020
4044,50 Birr,8582,429100,10/26/2020
4045,100 Birr,2681,268100,10/26/2020
4046,10 Birr,74186,741860,10/26/2020
4047,500 Birr,6,3000,10/26/2020
4048,250 Birr,5,1250,10/26/2020
4049,1000 Birr,1,1000,10/26/2020
4050,25 Birr,13260,331500,10/25/2020
4051,10 Birr,42683,426830,10/25/2020
4052,5 Birr,20972,104860,10/25/2020
4053,15 Birr,15574,233610,10/25/2020
4054,50 Birr,5037,251850,10/25/2020
4055,100 Birr,1715,171500,10/25/2020
4056,250 Birr,2,500,10/25/2020
4057,500 Birr,2,1000,10/25/2020
4058,15 Birr,20257,303855,10/24/2020
4059,5 Birr,30124,150620,10/24/2020
4060,100 Birr,2010,201000,10/24/2020
4061,10 Birr,57299,572990,10/24/2020
4062,50 Birr,5623,281150,10/24/2020
4063,25 Birr,14046,351150,10/24/2020
4064,50 Birr,7240,362000,10/23/2020
4065,15 Birr,22298,334470,10/23/2020
4066,10 Birr,51329,513290,10/23/2020
4067,5 Birr,27443,137215,10/23/2020
4068,25 Birr,15951,398775,10/23/2020
4069,100 Birr,3276,327600,10/23/2020
4070,1000 Birr,16,16000,10/23/2020
4071,500 Birr,2,1000,10/23/2020
4072,250 Birr,41,10250,10/23/2020
4073,15 Birr,19595,293925,10/22/2020
4074,5 Birr,23946,119730,10/22/2020
4075,25 Birr,12854,321350,10/22/2020
4076,10 Birr,46467,464670,10/22/2020
4077,100 Birr,1823,182300,10/22/2020
4078,50 Birr,5399,269950,10/22/2020
4079,1000 Birr,1,1000,10/22/2020
4080,500 Birr,9,4500,10/22/2020
4081,250 Birr,7,1750,10/22/2020
4082,10 Birr,62262,622620,10/21/2020
4083,5 Birr,33362,166810,10/21/2020
4084,50 Birr,6762,338100,10/21/2020
4085,15 Birr,22245,333675,10/21/2020
4086,25 Birr,17280,432000,10/21/2020
4087,100 Birr,2649,264900,10/21/2020
4088,500 Birr,6,3000,10/21/2020
4089,1000 Birr,1,1000,10/21/2020
4090,250 Birr,1,250,10/21/2020
4091,25 Birr,16763,419075,10/20/2020
4092,10 Birr,60163,601630,10/20/2020
4093,50 Birr,8013,400650,10/20/2020
4094,15 Birr,25723,385845,10/20/2020
4095,5 Birr,26647,133235,10/20/2020
4096,100 Birr,2160,216000,10/20/2020
4097,1000 Birr,2,2000,10/20/2020
4098,250 Birr,6,1500,10/20/2020
4099,500 Birr,1,500,10/20/2020
4100,10 Birr,67093,670930,10/19/2020
4101,15 Birr,29286,439290,10/19/2020
4102,5 Birr,38302,191510,10/19/2020
4103,25 Birr,21211,530275,10/19/2020
4104,50 Birr,6630,331500,10/19/2020
4105,100 Birr,2256,225600,10/19/2020
4106,250 Birr,3,750,10/19/2020
4107,1000 Birr,2,2000,10/19/2020
4108,500 Birr,2,1000,10/19/2020
4109,10 Birr,50115,501150,10/18/2020
4110,50 Birr,5029,251450,10/18/2020
4111,15 Birr,18572,278580,10/18/2020
4112,25 Birr,14610,365250,10/18/2020
4113,5 Birr,22672,113360,10/18/2020
4114,100 Birr,1589,158900,10/18/2020
4115,250 Birr,6,1500,10/18/2020
4116,25 Birr,17601,440025,10/17/2020
4117,5 Birr,34279,171395,10/17/2020
4118,100 Birr,2001,200100,10/17/2020
4119,15 Birr,20636,309540,10/17/2020
4120,10 Birr,64485,644850,10/17/2020
4121,50 Birr,7355,367750,10/17/2020
4122,250 Birr,4,1000,10/17/2020
4123,1000 Birr,2,2000,10/17/2020
4124,500 Birr,3,1500,10/17/2020
4125,5 Birr,30593,152965,10/16/2020
4126,15 Birr,22948,344220,10/16/2020
4127,50 Birr,6900,345000,10/16/2020
4128,10 Birr,59916,599160,10/16/2020
4129,25 Birr,16892,422300,10/16/2020
4130,100 Birr,1824,182400,10/16/2020
4131,500 Birr,10,5000,10/16/2020
4132,1000 Birr,2,2000,10/16/2020
4133,250 Birr,1,250,10/16/2020
4134,10 Birr,62982,629820,10/15/2020
4135,25 Birr,21227,530675,10/15/2020
4136,50 Birr,8065,403250,10/15/2020
4137,100 Birr,2775,277500,10/15/2020
4138,15 Birr,21260,318900,10/15/2020
4139,5 Birr,27888,139440,10/15/2020
4140,1000 Birr,4,4000,10/15/2020
4141,500 Birr,6,3000,10/15/2020
4142,10 Birr,60258,602580,10/14/2020
4143,25 Birr,18243,456075,10/14/2020
4144,15 Birr,21867,328005,10/14/2020
4145,50 Birr,6917,345850,10/14/2020
4146,5 Birr,29790,148950,10/14/2020
4147,100 Birr,2250,225000,10/14/2020
4148,250 Birr,3,750,10/14/2020
4149,500 Birr,3,1500,10/14/2020
4150,1000 Birr,2,2000,10/14/2020
4151,10 Birr,56142,561420,10/13/2020
4152,5 Birr,24834,124170,10/13/2020
4153,15 Birr,26116,391740,10/13/2020
4154,25 Birr,17767,444175,10/13/2020
4155,50 Birr,5743,287150,10/13/2020
4156,100 Birr,2272,227200,10/13/2020
4157,500 Birr,9,4500,10/13/2020
4158,1000 Birr,4,4000,10/13/2020
4159,250 Birr,5,1250,10/13/2020
4160,10 Birr,58988,589880,10/12/2020
4161,50 Birr,6976,348800,10/12/2020
4162,25 Birr,20549,513725,10/12/2020
4163,15 Birr,26289,394335,10/12/2020
4164,100 Birr,2290,229000,10/12/2020
4165,5 Birr,25973,129865,10/12/2020
4166,500 Birr,4,2000,10/12/2020
4167,250 Birr,8,2000,10/12/2020
4168,5 Birr,19196,95980,10/11/2020
4169,25 Birr,13426,335650,10/11/2020
4170,100 Birr,1311,131100,10/11/2020
4171,10 Birr,42904,429040,10/11/2020
4172,15 Birr,19174,287610,10/11/2020
4173,50 Birr,4335,216750,10/11/2020
4174,1000 Birr,1,1000,10/11/2020
4175,250 Birr,7,1750,10/11/2020
4176,500 Birr,1,500,10/11/2020
4177,25 Birr,14140,353500,10/10/2020
4178,10 Birr,45541,455410,10/10/2020
4179,15 Birr,20971,314565,10/10/2020
4180,5 Birr,23467,117335,10/10/2020
4181,50 Birr,4364,218200,10/10/2020
4182,100 Birr,1441,144100,10/10/2020
4183,1000 Birr,2,2000,10/10/2020
4184,250 Birr,5,1250,10/10/2020
4185,500 Birr,2,1000,10/10/2020
4186,15 Birr,21985,329775,10/9/2020
4187,10 Birr,56340,563400,10/9/2020
4188,25 Birr,16637,415925,10/9/2020
4189,5 Birr,29675,148375,10/9/2020
4190,100 Birr,2241,224100,10/9/2020
4191,50 Birr,8955,447750,10/9/2020
4192,250 Birr,5,1250,10/9/2020
4193,500 Birr,2,1000,10/9/2020
4194,10 Birr,48921,489210,10/8/2020
4195,15 Birr,19808,297120,10/8/2020
4196,50 Birr,5311,265550,10/8/2020
4197,5 Birr,22521,112605,10/8/2020
4198,25 Birr,15885,397125,10/8/2020
4199,100 Birr,2015,201500,10/8/2020
4200,500 Birr,4,2000,10/8/2020
4201,250 Birr,3,750,10/8/2020
4202,10 Birr,54494,544940,10/7/2020
4203,100 Birr,3053,305300,10/7/2020
4204,15 Birr,26492,397380,10/7/2020
4205,25 Birr,19129,478225,10/7/2020
4206,50 Birr,7144,357200,10/7/2020
4207,5 Birr,24090,120450,10/7/2020
4208,500 Birr,7,3500,10/7/2020
4209,250 Birr,3,750,10/7/2020
4210,1000 Birr,1,1000,10/7/2020
4211,50 Birr,9305,465250,10/6/2020
4212,10 Birr,62418,624180,10/6/2020
4213,15 Birr,30454,456810,10/6/2020
4214,100 Birr,2268,226800,10/6/2020
4215,25 Birr,24283,607075,10/6/2020
4216,5 Birr,34268,171340,10/6/2020
4217,250 Birr,5,1250,10/6/2020
4218,1000 Birr,2,2000,10/6/2020
4219,500 Birr,3,1500,10/6/2020
4220,10 Birr,76525,765250,10/5/2020
4221,5 Birr,27055,135275,10/5/2020
4222,25 Birr,20310,507750,10/5/2020
4223,250 Birr,5,1250,10/5/2020
4224,15 Birr,24897,373455,10/5/2020
4225,50 Birr,7088,354400,10/5/2020
4226,100 Birr,2684,268400,10/5/2020
4227,500 Birr,6,3000,10/5/2020
4228,1000 Birr,2,2000,10/5/2020
4229,100 Birr,1842,184200,10/4/2020
4230,25 Birr,11354,283850,10/4/2020
4231,5 Birr,17903,89515,10/4/2020
4232,10 Birr,32684,326840,10/4/2020
4233,15 Birr,14118,211770,10/4/2020
4234,50 Birr,4491,224550,10/4/2020
4235,250 Birr,2,500,10/4/2020
4236,500 Birr,4,2000,10/4/2020
4237,1000 Birr,2,2000,10/4/2020
4238,10 Birr,47398,473980,10/3/2020
4239,50 Birr,6779,338950,10/3/2020
4240,5 Birr,22230,111150,10/3/2020
4241,15 Birr,20885,313275,10/3/2020
4242,25 Birr,19032,475800,10/3/2020
4243,100 Birr,2158,215800,10/3/2020
4244,1000 Birr,3,3000,10/3/2020
4245,500 Birr,16,8000,10/3/2020
4246,250 Birr,2,500,10/3/2020
4247,15 Birr,24386,365790,10/2/2020
4248,10 Birr,56012,560120,10/2/2020
4249,25 Birr,21852,546300,10/2/2020
4250,5 Birr,25099,125495,10/2/2020
4251,50 Birr,7681,384050,10/2/2020
4252,100 Birr,3081,308100,10/2/2020
4253,500 Birr,6,3000,10/2/2020
4254,250 Birr,5,1250,10/2/2020
4255,1000 Birr,4,4000,10/2/2020
4256,10 Birr,46197,461970,10/1/2020
4257,25 Birr,15883,397075,10/1/2020
4258,15 Birr,20284,304260,10/1/2020
4259,100 Birr,2225,222500,10/1/2020
4260,50 Birr,6939,346950,10/1/2020
4261,5 Birr,25116,125580,10/1/2020
4262,1000 Birr,2,2000,10/1/2020
4263,500 Birr,4,2000,10/1/2020
4264,250 Birr,2,500,10/1/2020
4265,10 Birr,50605,506050,9/30/2020
4266,15 Birr,17097,256455,9/30/2020
4267,5 Birr,19398,96990,9/30/2020
4268,50 Birr,7056,352800,9/30/2020
4269,25 Birr,17340,433500,9/30/2020
4270,100 Birr,2331,233100,9/30/2020
4271,250 Birr,5,1250,9/30/2020
4272,1000 Birr,4,4000,9/30/2020
4273,500 Birr,3,1500,9/30/2020
4274,5 Birr,17732,88660,9/29/2020
4275,10 Birr,48245,482450,9/29/2020
4276,15 Birr,27164,407460,9/29/2020
4277,25 Birr,15330,383250,9/29/2020
4278,50 Birr,6239,311950,9/29/2020
4279,100 Birr,2565,256500,9/29/2020
4280,250 Birr,5,1250,9/29/2020
4281,500 Birr,6,3000,9/29/2020
4282,1000 Birr,2,2000,9/29/2020
4283,10 Birr,57638,576380,9/28/2020
4284,15 Birr,21320,319800,9/28/2020
4285,25 Birr,16686,417150,9/28/2020
4286,100 Birr,3305,330500,9/28/2020
4287,50 Birr,9140,457000,9/28/2020
4288,5 Birr,18996,94980,9/28/2020
4289,1000 Birr,10,10000,9/28/2020
4290,500 Birr,10,5000,9/28/2020
4291,250 Birr,7,1750,9/28/2020
4292,15 Birr,10106,151590,9/27/2020
4293,25 Birr,7936,198400,9/27/2020
4294,50 Birr,3712,185600,9/27/2020
4295,10 Birr,23704,237040,9/27/2020
4296,5 Birr,10929,54645,9/27/2020
4297,100 Birr,1765,176500,9/27/2020
4298,250 Birr,3,750,9/27/2020
4299,500 Birr,2,1000,9/27/2020
4300,50 Birr,6133,306650,9/26/2020
4301,15 Birr,18492,277380,9/26/2020
4302,10 Birr,48433,484330,9/26/2020
4303,5 Birr,24036,120180,9/26/2020
4304,25 Birr,16824,420600,9/26/2020
4305,100 Birr,2188,218800,9/26/2020
4306,250 Birr,5,1250,9/26/2020
4307,500 Birr,7,3500,9/26/2020
4308,1000 Birr,1,1000,9/26/2020
4309,10 Birr,56262,562620,9/25/2020
4310,5 Birr,28780,143900,9/25/2020
4311,25 Birr,19697,492425,9/25/2020
4312,15 Birr,22540,338100,9/25/2020
4313,50 Birr,6812,340600,9/25/2020
4314,100 Birr,2643,264300,9/25/2020
4315,500 Birr,4,2000,9/25/2020
4316,250 Birr,2,500,9/25/2020
4317,1000 Birr,1,1000,9/25/2020
4318,50 Birr,5498,274900,9/24/2020
4319,5 Birr,18853,94265,9/24/2020
4320,15 Birr,17351,260265,9/24/2020
4321,10 Birr,40810,408100,9/24/2020
4322,25 Birr,12381,309525,9/24/2020
4323,100 Birr,2320,232000,9/24/2020
4324,1000 Birr,4,4000,9/24/2020
4325,500 Birr,5,2500,9/24/2020
4326,250 Birr,5,1250,9/24/2020
4327,10 Birr,42537,425370,9/23/2020
4328,50 Birr,6534,326700,9/23/2020
4329,100 Birr,2404,240400,9/23/2020
4330,15 Birr,21042,315630,9/23/2020
4331,25 Birr,14823,370575,9/23/2020
4332,5 Birr,20925,104625,9/23/2020
4333,1000 Birr,2,2000,9/23/2020
4334,500 Birr,4,2000,9/23/2020
4335,250 Birr,1,250,9/23/2020
4336,15 Birr,21821,327315,9/22/2020
4337,5 Birr,20781,103905,9/22/2020
4338,10 Birr,44009,440090,9/22/2020
4339,25 Birr,16518,412950,9/22/2020
4340,50 Birr,6249,312450,9/22/2020
4341,100 Birr,2247,224700,9/22/2020
4342,500 Birr,5,2500,9/22/2020
4343,1000 Birr,1,1000,9/22/2020
4344,15 Birr,16620,249300,9/21/2020
4345,25 Birr,13872,346800,9/21/2020
4346,100 Birr,2495,249500,9/21/2020
4347,50 Birr,5526,276300,9/21/2020
4348,10 Birr,38563,385630,9/21/2020
4349,5 Birr,18653,93265,9/21/2020
4350,500 Birr,7,3500,9/21/2020
4351,250 Birr,8,2000,9/21/2020
4352,1000 Birr,1,1000,9/21/2020
4353,10 Birr,28138,281380,9/20/2020
4354,50 Birr,3408,170400,9/20/2020
4355,5 Birr,14611,73055,9/20/2020
4356,15 Birr,12039,180585,9/20/2020
4357,25 Birr,8575,214375,9/20/2020
4358,100 Birr,1021,102100,9/20/2020
4359,250 Birr,7,1750,9/20/2020
4360,500 Birr,1,500,9/20/2020
4361,5 Birr,16914,84570,9/19/2020
4362,50 Birr,5025,251250,9/19/2020
4363,25 Birr,13012,325300,9/19/2020
4364,15 Birr,15698,235470,9/19/2020
4365,10 Birr,37376,373760,9/19/2020
4366,100 Birr,1620,162000,9/19/2020
4367,500 Birr,4,2000,9/19/2020
4368,250 Birr,3,750,9/19/2020
4369,1000 Birr,1,1000,9/19/2020
4370,100 Birr,3786,378600,9/18/2020
4371,25 Birr,16227,405675,9/18/2020
4372,15 Birr,18313,274695,9/18/2020
4373,10 Birr,40313,403130,9/18/2020
4374,5 Birr,18071,90355,9/18/2020
4375,50 Birr,5019,250950,9/18/2020
4376,500 Birr,4,2000,9/18/2020
4377,1000 Birr,2,2000,9/18/2020
4378,250 Birr,2,500,9/18/2020
4379,50 Birr,5365,268250,9/17/2020
4380,25 Birr,15589,389725,9/17/2020
4381,15 Birr,22939,344085,9/17/2020
4382,10 Birr,47511,475110,9/17/2020
4383,5 Birr,21266,106330,9/17/2020
4384,100 Birr,1651,165100,9/17/2020
4385,250 Birr,3,750,9/17/2020
4386,500 Birr,6,3000,9/17/2020
4387,1000 Birr,3,3000,9/17/2020
4388,15 Birr,18127,271905,9/16/2020
4389,25 Birr,14428,360700,9/16/2020
4390,50 Birr,9336,466800,9/16/2020
4391,100 Birr,2469,246900,9/16/2020
4392,250 Birr,5,1250,9/16/2020
4393,10 Birr,54369,543690,9/16/2020
4394,5 Birr,38414,192070,9/16/2020
4395,500 Birr,5,2500,9/16/2020
4396,1000 Birr,1,1000,9/16/2020
4397,10 Birr,43790,437900,9/15/2020
4398,5 Birr,19945,99725,9/15/2020
4399,15 Birr,26350,395250,9/15/2020
4400,50 Birr,6613,330650,9/15/2020
4401,25 Birr,17811,445275,9/15/2020
4402,100 Birr,2257,225700,9/15/2020
4403,250 Birr,3,750,9/15/2020
4404,500 Birr,4,2000,9/15/2020
4405,5 Birr,33388,166940,9/14/2020
4406,10 Birr,80331,803310,9/14/2020
4407,25 Birr,30405,760125,9/14/2020
4408,100 Birr,3748,374800,9/14/2020
4409,15 Birr,35904,538560,9/14/2020
4410,50 Birr,9518,475900,9/14/2020
4411,500 Birr,5,2500,9/14/2020
4412,250 Birr,6,1500,9/14/2020
4413,1000 Birr,4,4000,9/14/2020
4414,10 Birr,42554,425540,9/13/2020
4415,5 Birr,15647,78235,9/13/2020
4416,25 Birr,15963,399075,9/13/2020
4417,15 Birr,19143,287145,9/13/2020
4418,100 Birr,2383,238300,9/13/2020
4419,50 Birr,5186,259300,9/13/2020
4420,250 Birr,23,5750,9/13/2020
4421,500 Birr,3,1500,9/13/2020
4422,1000 Birr,1,1000,9/13/2020
4423,100 Birr,3619,361900,9/12/2020
4424,10 Birr,47221,472210,9/12/2020
4425,15 Birr,23718,355770,9/12/2020
4426,25 Birr,20772,519300,9/12/2020
4427,50 Birr,9308,465400,9/12/2020
4428,5 Birr,20737,103685,9/12/2020
4429,250 Birr,5,1250,9/12/2020
4430,500 Birr,5,2500,9/12/2020
4431,25 Birr,15420,385500,9/11/2020
4432,100 Birr,2369,236900,9/11/2020
4433,5 Birr,18849,94245,9/11/2020
4434,10 Birr,41947,419470,9/11/2020
4435,15 Birr,18320,274800,9/11/2020
4436,50 Birr,5917,295850,9/11/2020
4437,250 Birr,1,250,9/11/2020
4438,500 Birr,1,500,9/11/2020
4439,50 Birr,8872,443600,9/10/2020
4440,10 Birr,50515,505150,9/10/2020
4441,25 Birr,23576,589400,9/10/2020
4442,5 Birr,25304,126520,9/10/2020
4443,15 Birr,25318,379770,9/10/2020
4444,100 Birr,3793,379300,9/10/2020
4445,500 Birr,7,3500,9/10/2020
4446,1000 Birr,4,4000,9/10/2020
4447,250 Birr,5,1250,9/10/2020
4448,100 Birr,3075,307500,9/9/2020
4449,5 Birr,27209,136045,9/9/2020
4450,15 Birr,23219,348285,9/9/2020
4451,10 Birr,53140,531400,9/9/2020
4452,250 Birr,2,500,9/9/2020
4453,50 Birr,8603,430150,9/9/2020
4454,25 Birr,19313,482825,9/9/2020
4455,1000 Birr,2,2000,9/9/2020
4456,500 Birr,7,3500,9/9/2020
4457,25 Birr,21020,525500,9/8/2020
4458,10 Birr,61313,613130,9/8/2020
4459,100 Birr,3681,368100,9/8/2020
4460,50 Birr,8218,410900,9/8/2020
4461,15 Birr,26543,398145,9/8/2020
4462,5 Birr,26874,134370,9/8/2020
4463,250 Birr,13,3250,9/8/2020
4464,1000 Birr,1,1000,9/8/2020
4465,500 Birr,4,2000,9/8/2020
4466,10 Birr,110260,1102600,9/7/2020
4467,15 Birr,52414,786210,9/7/2020
4468,5 Birr,53228,266140,9/7/2020
4469,100 Birr,6855,685500,9/7/2020
4470,50 Birr,17862,893100,9/7/2020
4471,25 Birr,43124,1078100,9/7/2020
4472,500 Birr,4,2000,9/7/2020
4473,250 Birr,9,2250,9/7/2020
4474,1000 Birr,7,7000,9/7/2020
4475,100 Birr,1595,159500,9/5/2020
4476,25 Birr,8958,223950,9/5/2020
4477,5 Birr,13562,67810,9/5/2020
4478,250 Birr,2,500,9/5/2020
4479,50 Birr,5300,265000,9/5/2020
4480,15 Birr,11483,172245,9/5/2020
4481,10 Birr,27993,279930,9/5/2020
4482,500 Birr,4,2000,9/5/2020
4483,10 Birr,62643,626430,9/4/2020
4484,100 Birr,4586,458600,9/4/2020
4485,50 Birr,9894,494700,9/4/2020
4486,15 Birr,30472,457080,9/4/2020
4487,5 Birr,30719,153595,9/4/2020
4488,25 Birr,22959,573975,9/4/2020
4489,250 Birr,3,750,9/4/2020
4490,500 Birr,24,12000,9/4/2020
4491,1000 Birr,1,1000,9/4/2020
4492,5 Birr,37098,185490,9/3/2020
4493,10 Birr,93982,939820,9/3/2020
4494,100 Birr,4232,423200,9/3/2020
4495,50 Birr,11779,588950,9/3/2020
4496,25 Birr,30229,755725,9/3/2020
4497,15 Birr,36900,553500,9/3/2020
4498,250 Birr,6,1500,9/3/2020
4499,500 Birr,6,3000,9/3/2020
4500,1000 Birr,1,1000,9/3/2020
4501,5 Birr,35564,177820,9/2/2020
4502,10 Birr,73698,736980,9/2/2020
4503,15 Birr,37775,566625,9/2/2020
4504,25 Birr,29183,729575,9/2/2020
4505,50 Birr,12449,622450,9/2/2020
4506,100 Birr,4293,429300,9/2/2020
4507,1000 Birr,6,6000,9/2/2020
4508,500 Birr,7,3500,9/2/2020
4509,250 Birr,2,500,9/2/2020
4510,10 Birr,66021,660210,9/1/2020
4511,5 Birr,29209,146045,9/1/2020
4512,15 Birr,29792,446880,9/1/2020
4513,25 Birr,22223,555575,9/1/2020
4514,50 Birr,8949,447450,9/1/2020
4515,100 Birr,3243,324300,9/1/2020
4516,500 Birr,12,6000,9/1/2020
4517,250 Birr,11,2750,9/1/2020
4518,1000 Birr,11,11000,9/1/2020
4519,10 Birr,58939,589390,8/31/2020
4520,15 Birr,26627,399405,8/31/2020
4521,100 Birr,3194,319400,8/31/2020
4522,25 Birr,21379,534475,8/31/2020
4523,50 Birr,8218,410900,8/31/2020
4524,5 Birr,28204,141020,8/31/2020
4525,250 Birr,6,1500,8/31/2020
4526,500 Birr,6,3000,8/31/2020
4527,1000 Birr,2,2000,8/31/2020
4528,100 Birr,2845,284500,8/30/2020
4529,25 Birr,14824,370600,8/30/2020
4530,10 Birr,44086,440860,8/30/2020
4531,15 Birr,19087,286305,8/30/2020
4532,50 Birr,6900,345000,8/30/2020
4533,5 Birr,20712,103560,8/30/2020
4534,500 Birr,2,1000,8/30/2020
4535,250 Birr,6,1500,8/30/2020
4536,1000 Birr,3,3000,8/30/2020
4537,10 Birr,43812,438120,8/29/2020
4538,15 Birr,20909,313635,8/29/2020
4539,25 Birr,16005,400125,8/29/2020
4540,50 Birr,7696,384800,8/29/2020
4541,100 Birr,3263,326300,8/29/2020
4542,5 Birr,19892,99460,8/29/2020
4543,1000 Birr,5,5000,8/29/2020
4544,500 Birr,4,2000,8/29/2020
4545,250 Birr,4,1000,8/29/2020
4546,10 Birr,50604,506040,8/28/2020
4547,15 Birr,25448,381720,8/28/2020
4548,100 Birr,3026,302600,8/28/2020
4549,50 Birr,8291,414550,8/28/2020
4550,25 Birr,18637,465925,8/28/2020
4551,5 Birr,25025,125125,8/28/2020
4552,500 Birr,12,6000,8/28/2020
4553,1000 Birr,4,4000,8/28/2020
4554,250 Birr,4,1000,8/28/2020
4555,10 Birr,55845,558450,8/27/2020
4556,15 Birr,25580,383700,8/27/2020
4557,25 Birr,21473,536825,8/27/2020
4558,50 Birr,9740,487000,8/27/2020
4559,100 Birr,3766,376600,8/27/2020
4560,5 Birr,25373,126865,8/27/2020
4561,500 Birr,7,3500,8/27/2020
4562,250 Birr,4,1000,8/27/2020
4563,1000 Birr,1,1000,8/27/2020
4564,5 Birr,31378,156890,8/26/2020
4565,15 Birr,28871,433065,8/26/2020
4566,25 Birr,24138,603450,8/26/2020
4567,50 Birr,9111,455550,8/26/2020
4568,100 Birr,3240,324000,8/26/2020
4569,10 Birr,74107,741070,8/26/2020
4570,250 Birr,6,1500,8/26/2020
4571,1000 Birr,3,3000,8/26/2020
4572,500 Birr,5,2500,8/26/2020
4573,50 Birr,10241,512050,8/25/2020
4574,10 Birr,63989,639890,8/25/2020
4575,100 Birr,3731,373100,8/25/2020
4576,25 Birr,25385,634625,8/25/2020
4577,5 Birr,28891,144455,8/25/2020
4578,15 Birr,32330,484950,8/25/2020
4579,1000 Birr,7,7000,8/25/2020
4580,250 Birr,8,2000,8/25/2020
4581,500 Birr,6,3000,8/25/2020
4582,10 Birr,88993,889930,8/24/2020
4583,50 Birr,10215,510750,8/24/2020
4584,100 Birr,4241,424100,8/24/2020
4585,25 Birr,25046,626150,8/24/2020
4586,15 Birr,30420,456300,8/24/2020
4587,5 Birr,33051,165255,8/24/2020
4588,500 Birr,1,500,8/24/2020
4589,250 Birr,1,250,8/24/2020
4590,1000 Birr,1,1000,8/24/2020
4591,10 Birr,60966,609660,8/23/2020
4592,15 Birr,26485,397275,8/23/2020
4593,25 Birr,19655,491375,8/23/2020
4594,50 Birr,8097,404850,8/23/2020
4595,5 Birr,25752,128760,8/23/2020
4596,100 Birr,2949,294900,8/23/2020
4597,250 Birr,2,500,8/23/2020
4598,5 Birr,29745,148725,8/22/2020
4599,50 Birr,9423,471150,8/22/2020
4600,15 Birr,26607,399105,8/22/2020
4601,10 Birr,66373,663730,8/22/2020
4602,25 Birr,21767,544175,8/22/2020
4603,100 Birr,3612,361200,8/22/2020
4604,250 Birr,15,3750,8/22/2020
4605,1000 Birr,20,20000,8/22/2020
4606,500 Birr,16,8000,8/22/2020
4607,15 Birr,27950,419250,8/21/2020
4608,50 Birr,9464,473200,8/21/2020
4609,10 Birr,65072,650720,8/21/2020
4610,25 Birr,22696,567400,8/21/2020
4611,5 Birr,27532,137660,8/21/2020
4612,100 Birr,3876,387600,8/21/2020
4613,250 Birr,9,2250,8/21/2020
4614,500 Birr,4,2000,8/21/2020
4615,10 Birr,63760,637600,8/20/2020
4616,25 Birr,24413,610325,8/20/2020
4617,5 Birr,32573,162865,8/20/2020
4618,15 Birr,31361,470415,8/20/2020
4619,100 Birr,5286,528600,8/20/2020
4620,50 Birr,10563,528150,8/20/2020
4621,250 Birr,11,2750,8/20/2020
4622,500 Birr,16,8000,8/20/2020
4623,10 Birr,76757,767570,8/19/2020
4624,25 Birr,29930,748250,8/19/2020
4625,100 Birr,3968,396800,8/19/2020
4626,15 Birr,36509,547635,8/19/2020
4627,50 Birr,11441,572050,8/19/2020
4628,5 Birr,33092,165460,8/19/2020
4629,500 Birr,7,3500,8/19/2020
4630,250 Birr,5,1250,8/19/2020
4631,1000 Birr,3,3000,8/19/2020
4632,25 Birr,25384,634600,8/18/2020
4633,10 Birr,77440,774400,8/18/2020
4634,15 Birr,33361,500415,8/18/2020
4635,5 Birr,34993,174965,8/18/2020
4636,100 Birr,4599,459900,8/18/2020
4637,50 Birr,12496,624800,8/18/2020
4638,250 Birr,4,1000,8/18/2020
4639,1000 Birr,4,4000,8/18/2020
4640,500 Birr,6,3000,8/18/2020
4641,5 Birr,30463,152315,8/17/2020
4642,15 Birr,32406,486090,8/17/2020
4643,10 Birr,63358,633580,8/17/2020
4644,100 Birr,3858,385800,8/17/2020
4645,50 Birr,11364,568200,8/17/2020
4646,25 Birr,23047,576175,8/17/2020
4647,250 Birr,7,1750,8/17/2020
4648,500 Birr,5,2500,8/17/2020
4649,5 Birr,23925,119625,8/16/2020
4650,50 Birr,8068,403400,8/16/2020
4651,100 Birr,2690,269000,8/16/2020
4652,10 Birr,54614,546140,8/16/2020
4653,25 Birr,18787,469675,8/16/2020
4654,15 Birr,25212,378180,8/16/2020
4655,500 Birr,5,2500,8/16/2020
4656,250 Birr,2,500,8/16/2020
4657,25 Birr,25635,640875,8/15/2020
4658,50 Birr,12702,635100,8/15/2020
4659,100 Birr,4324,432400,8/15/2020
4660,15 Birr,33230,498450,8/15/2020
4661,10 Birr,78628,786280,8/15/2020
4662,5 Birr,37555,187775,8/15/2020
4663,500 Birr,10,5000,8/15/2020
4664,1000 Birr,3,3000,8/15/2020
4665,250 Birr,1,250,8/15/2020
4666,5 Birr,28701,143505,8/14/2020
4667,25 Birr,22771,569275,8/14/2020
4668,10 Birr,66450,664500,8/14/2020
4669,100 Birr,3339,333900,8/14/2020
4670,50 Birr,8995,449750,8/14/2020
4671,15 Birr,28527,427905,8/14/2020
4672,500 Birr,6,3000,8/14/2020
4673,250 Birr,4,1000,8/14/2020
4674,1000 Birr,9,9000,8/14/2020
4675,5 Birr,33273,166365,8/13/2020
4676,25 Birr,27659,691475,8/13/2020
4677,10 Birr,68898,688980,8/13/2020
4678,15 Birr,29693,445395,8/13/2020
4679,100 Birr,4203,420300,8/13/2020
4680,50 Birr,13302,665100,8/13/2020
4681,250 Birr,4,1000,8/13/2020
4682,500 Birr,10,5000,8/13/2020
4683,5 Birr,33234,166170,8/12/2020
4684,50 Birr,10349,517450,8/12/2020
4685,10 Birr,63330,633300,8/12/2020
4686,25 Birr,23907,597675,8/12/2020
4687,15 Birr,30732,460980,8/12/2020
4688,100 Birr,3088,308800,8/12/2020
4689,500 Birr,3,1500,8/12/2020
4690,250 Birr,1,250,8/12/2020
4691,10 Birr,67924,679240,8/11/2020
4692,15 Birr,35889,538335,8/11/2020
4693,5 Birr,34361,171805,8/11/2020
4694,25 Birr,24116,602900,8/11/2020
4695,50 Birr,11471,573550,8/11/2020
4696,100 Birr,4293,429300,8/11/2020
4697,250 Birr,6,1500,8/11/2020
4698,500 Birr,1,500,8/11/2020
4699,25 Birr,26875,671875,8/10/2020
4700,50 Birr,12824,641200,8/10/2020
4701,15 Birr,35119,526785,8/10/2020
4702,5 Birr,32531,162655,8/10/2020
4703,10 Birr,69980,699800,8/10/2020
4704,100 Birr,3973,397300,8/10/2020
4705,500 Birr,9,4500,8/10/2020
4706,250 Birr,6,1500,8/10/2020
4707,1000 Birr,4,4000,8/10/2020
4708,50 Birr,6919,345950,8/9/2020
4709,15 Birr,20689,310335,8/9/2020
4710,100 Birr,2489,248900,8/9/2020
4711,10 Birr,50444,504440,8/9/2020
4712,5 Birr,25257,126285,8/9/2020
4713,25 Birr,17612,440300,8/9/2020
4714,250 Birr,3,750,8/9/2020
4715,1000 Birr,1,1000,8/9/2020
4716,500 Birr,5,2500,8/9/2020
4717,5 Birr,32489,162445,8/8/2020
4718,25 Birr,26596,664900,8/8/2020
4719,10 Birr,68890,688900,8/8/2020
4720,15 Birr,30391,455865,8/8/2020
4721,50 Birr,10997,549850,8/8/2020
4722,100 Birr,4481,448100,8/8/2020
4723,1000 Birr,2,2000,8/8/2020
4724,250 Birr,4,1000,8/8/2020
4725,500 Birr,4,2000,8/8/2020
4726,10 Birr,86942,869420,8/7/2020
4727,15 Birr,30863,462945,8/7/2020
4728,5 Birr,35280,176400,8/7/2020
4729,100 Birr,4187,418700,8/7/2020
4730,25 Birr,24295,607375,8/7/2020
4731,50 Birr,10318,515900,8/7/2020
4732,500 Birr,6,3000,8/7/2020
4733,1000 Birr,3,3000,8/7/2020
4734,250 Birr,2,500,8/7/2020
4735,15 Birr,28420,426300,8/6/2020
4736,10 Birr,58841,588410,8/6/2020
4737,25 Birr,24260,606500,8/6/2020
4738,100 Birr,5081,508100,8/6/2020
4739,50 Birr,12643,632150,8/6/2020
4740,5 Birr,30371,151855,8/6/2020
4741,1000 Birr,2,2000,8/6/2020
4742,500 Birr,6,3000,8/6/2020
4743,250 Birr,2,500,8/6/2020
4744,25 Birr,24474,611850,8/5/2020
4745,5 Birr,29664,148320,8/5/2020
4746,10 Birr,66239,662390,8/5/2020
4747,100 Birr,3671,367100,8/5/2020
4748,50 Birr,9519,475950,8/5/2020
4749,15 Birr,48617,729255,8/5/2020
4750,500 Birr,9,4500,8/5/2020
4751,1000 Birr,3,3000,8/5/2020
4752,250 Birr,2,500,8/5/2020
4753,5 Birr,33445,167225,8/4/2020
4754,50 Birr,11899,594950,8/4/2020
4755,10 Birr,87754,877540,8/4/2020
4756,15 Birr,36960,554400,8/4/2020
4757,25 Birr,27929,698225,8/4/2020
4758,100 Birr,4723,472300,8/4/2020
4759,500 Birr,3,1500,8/4/2020
4760,1000 Birr,3,3000,8/4/2020
4761,250 Birr,4,1000,8/4/2020
4762,5 Birr,26010,130050,8/3/2020
4763,100 Birr,4590,459000,8/3/2020
4764,25 Birr,29856,746400,8/3/2020
4765,10 Birr,67216,672160,8/3/2020
4766,50 Birr,11770,588500,8/3/2020
4767,15 Birr,35535,533025,8/3/2020
4768,250 Birr,8,2000,8/3/2020
4769,500 Birr,7,3500,8/3/2020
4770,1000 Birr,1,1000,8/3/2020
4771,50 Birr,7045,352250,8/2/2020
4772,25 Birr,15205,380125,8/2/2020
4773,10 Birr,38419,384190,8/2/2020
4774,15 Birr,19434,291510,8/2/2020
4775,5 Birr,18202,91010,8/2/2020
4776,100 Birr,2665,266500,8/2/2020
4777,500 Birr,3,1500,8/2/2020
4778,250 Birr,4,1000,8/2/2020
4779,1000 Birr,9,9000,8/2/2020
4780,10 Birr,63765,637650,8/1/2020
4781,5 Birr,30622,153110,8/1/2020
4782,15 Birr,26402,396030,8/1/2020
4783,25 Birr,22127,553175,8/1/2020
4784,50 Birr,8717,435850,8/1/2020
4785,100 Birr,3727,372700,8/1/2020
4786,250 Birr,2,500,8/1/2020
4787,500 Birr,8,4000,8/1/2020
4788,1000 Birr,1,1000,8/1/2020
4789,10 Birr,33785,337850,7/31/2020
4790,5 Birr,12447,62235,7/31/2020
4791,15 Birr,15954,239310,7/31/2020
4792,25 Birr,13508,337700,7/31/2020
4793,50 Birr,5873,293650,7/31/2020
4794,100 Birr,1865,186500,7/31/2020
4795,250 Birr,6,1500,7/31/2020
4796,500 Birr,6,3000,7/31/2020
4797,50 Birr,8808,440400,7/30/2020
4798,10 Birr,46630,466300,7/30/2020
4799,5 Birr,18880,94400,7/30/2020
4800,25 Birr,18020,450500,7/30/2020
4801,100 Birr,3198,319800,7/30/2020
4802,15 Birr,22426,336390,7/30/2020
4803,1000 Birr,4,4000,7/30/2020
4804,250 Birr,7,1750,7/30/2020
4805,500 Birr,3,1500,7/30/2020
4806,10 Birr,68501,685010,7/29/2020
4807,15 Birr,29135,437025,7/29/2020
4808,50 Birr,10783,539150,7/29/2020
4809,5 Birr,32423,162115,7/29/2020
4810,25 Birr,24111,602775,7/29/2020
4811,100 Birr,5636,563600,7/29/2020
4812,500 Birr,11,5500,7/29/2020
4813,1000 Birr,12,12000,7/29/2020
4814,250 Birr,2,500,7/29/2020
4815,25 Birr,23477,586925,7/28/2020
4816,10 Birr,63463,634630,7/28/2020
4817,100 Birr,3871,387100,7/28/2020
4818,15 Birr,29512,442680,7/28/2020
4819,50 Birr,10920,546000,7/28/2020
4820,5 Birr,29723,148615,7/28/2020
4821,1000 Birr,5,5000,7/28/2020
4822,500 Birr,2,1000,7/28/2020
4823,250 Birr,2,500,7/28/2020
4824,50 Birr,9151,457550,7/27/2020
4825,15 Birr,29072,436080,7/27/2020
4826,100 Birr,3261,326100,7/27/2020
4827,5 Birr,26829,134145,7/27/2020
4828,10 Birr,66264,662640,7/27/2020
4829,25 Birr,19880,497000,7/27/2020
4830,250 Birr,2,500,7/27/2020
4831,500 Birr,7,3500,7/27/2020
4832,1000 Birr,3,3000,7/27/2020
4833,10 Birr,35968,359680,7/26/2020
4834,15 Birr,17964,269460,7/26/2020
4835,50 Birr,4918,245900,7/26/2020
4836,5 Birr,14408,72040,7/26/2020
4837,25 Birr,12544,313600,7/26/2020
4838,100 Birr,2006,200600,7/26/2020
4839,500 Birr,2,1000,7/26/2020
4840,1000 Birr,2,2000,7/26/2020
4841,10 Birr,59218,592180,7/25/2020
4842,50 Birr,8056,402800,7/25/2020
4843,100 Birr,3117,311700,7/25/2020
4844,5 Birr,23714,118570,7/25/2020
4845,15 Birr,25986,389790,7/25/2020
4846,25 Birr,21213,530325,7/25/2020
4847,1000 Birr,8,8000,7/25/2020
4848,500 Birr,4,2000,7/25/2020
4849,250 Birr,5,1250,7/25/2020
4850,5 Birr,20371,101855,7/24/2020
4851,25 Birr,20631,515775,7/24/2020
4852,10 Birr,55063,550630,7/24/2020
4853,15 Birr,26983,404745,7/24/2020
4854,100 Birr,3659,365900,7/24/2020
4855,50 Birr,9629,481450,7/24/2020
4856,500 Birr,8,4000,7/24/2020
4857,1000 Birr,3,3000,7/24/2020
4858,250 Birr,1,250,7/24/2020
4859,15 Birr,23366,350490,7/23/2020
4860,25 Birr,18947,473675,7/23/2020
4861,50 Birr,8431,421550,7/23/2020
4862,100 Birr,3306,330600,7/23/2020
4863,10 Birr,43951,439510,7/23/2020
4864,5 Birr,22369,111845,7/23/2020
4865,500 Birr,12,6000,7/23/2020
4866,250 Birr,6,1500,7/23/2020
4867,1000 Birr,7,7000,7/23/2020
4868,15 Birr,18851,282765,7/22/2020
4869,50 Birr,5796,289800,7/22/2020
4870,10 Birr,39826,398260,7/22/2020
4871,100 Birr,1977,197700,7/22/2020
4872,25 Birr,14201,355025,7/22/2020
4873,5 Birr,16499,82495,7/22/2020
4874,250 Birr,2,500,7/22/2020
4875,500 Birr,4,2000,7/22/2020
4876,1000 Birr,1,1000,7/22/2020
4877,10 Birr,49506,495060,7/21/2020
4878,15 Birr,19937,299055,7/21/2020
4879,50 Birr,7596,379800,7/21/2020
4880,100 Birr,2297,229700,7/21/2020
4881,5 Birr,28056,140280,7/21/2020
4882,25 Birr,16068,401700,7/21/2020
4883,1000 Birr,1,1000,7/21/2020
4884,250 Birr,2,500,7/21/2020
4885,500 Birr,3,1500,7/21/2020
4886,10 Birr,47108,471080,7/20/2020
4887,5 Birr,22859,114295,7/20/2020
4888,100 Birr,1462,146200,7/20/2020
4889,50 Birr,5382,269100,7/20/2020
4890,15 Birr,18126,271890,7/20/2020
4891,25 Birr,12167,304175,7/20/2020
4892,1000 Birr,1,1000,7/20/2020
4893,250 Birr,2,500,7/20/2020
4894,500 Birr,1,500,7/20/2020
4895,5 Birr,19471,97355,7/19/2020
4896,10 Birr,36177,361770,7/19/2020
4897,15 Birr,15966,239490,7/19/2020
4898,25 Birr,11431,285775,7/19/2020
4899,50 Birr,3970,198500,7/19/2020
4900,100 Birr,1493,149300,7/19/2020
4901,1000 Birr,2,2000,7/19/2020
4902,250 Birr,1,250,7/19/2020
4903,25 Birr,9190,229750,7/18/2020
4904,15 Birr,11296,169440,7/18/2020
4905,5 Birr,15003,75015,7/18/2020
4906,10 Birr,24475,244750,7/18/2020
4907,50 Birr,4295,214750,7/18/2020
4908,100 Birr,1526,152600,7/18/2020
4909,500 Birr,4,2000,7/18/2020
4910,5 Birr,13763,68815,7/17/2020
4911,10 Birr,25080,250800,7/17/2020
4912,15 Birr,14961,224415,7/17/2020
4913,25 Birr,10377,259425,7/17/2020
4914,50 Birr,3603,180150,7/17/2020
4915,100 Birr,1682,168200,7/17/2020
4916,500 Birr,1,500,7/17/2020
4917,10 Birr,42187,421870,7/16/2020
4918,15 Birr,7059,105885,7/16/2020
4919,25 Birr,8368,209200,7/16/2020
4920,5 Birr,19095,95475,7/16/2020
4921,50 Birr,2385,119250,7/16/2020
4922,100 Birr,810,81000,7/16/2020
4923,1000 Birr,1,1000,7/16/2020
4924,50 Birr,2129,106450,7/15/2020
4925,100 Birr,3147,314700,7/15/2020
4926,10 Birr,24251,242510,7/15/2020
4927,15 Birr,27336,410040,7/15/2020
4928,5 Birr,7764,38820,7/15/2020
4929,25 Birr,15738,393450,7/15/2020
4930,500 Birr,5,2500,7/15/2020
4931,25 Birr,20462,511550,7/14/2020
4932,5 Birr,37005,185025,7/14/2020
4933,15 Birr,23041,345615,7/14/2020
4934,50 Birr,9294,464700,7/14/2020
4935,100 Birr,3743,374300,7/14/2020
4936,10 Birr,56402,564020,7/14/2020
4937,1000 Birr,2,2000,7/14/2020
4938,250 Birr,1,250,7/14/2020
4939,50 Birr,5482,274100,7/13/2020
4940,15 Birr,20353,305295,7/13/2020
4941,10 Birr,42867,428670,7/13/2020
4942,5 Birr,14261,71305,7/13/2020
4943,25 Birr,13093,327325,7/13/2020
4944,100 Birr,2440,244000,7/13/2020
4945,500 Birr,4,2000,7/13/2020
4946,5 Birr,4062,20310,7/12/2020
4947,10 Birr,11621,116210,7/12/2020
4948,15 Birr,5147,77205,7/12/2020
4949,25 Birr,2111,52775,7/12/2020
4950,50 Birr,703,35150,7/12/2020
4951,100 Birr,131,13100,7/12/2020
4952,5 Birr,13796,68980,7/11/2020
4953,100 Birr,3207,320700,7/11/2020
4954,10 Birr,34199,341990,7/11/2020
4955,15 Birr,13708,205620,7/11/2020
4956,50 Birr,6634,331700,7/11/2020
4957,25 Birr,10113,252825,7/11/2020
4958,250 Birr,2,500,7/11/2020
4959,10 Birr,26518,265180,7/10/2020
4960,15 Birr,12557,188355,7/10/2020
4961,5 Birr,13073,65365,7/10/2020
4962,50 Birr,4319,215950,7/10/2020
4963,25 Birr,14920,373000,7/10/2020
4964,100 Birr,1396,139600,7/10/2020
4965,500 Birr,1,500,7/10/2020
4966,250 Birr,1,250,7/10/2020
4967,5 Birr,14330,71650,7/9/2020
4968,15 Birr,17697,265455,7/9/2020
4969,10 Birr,43430,434300,7/9/2020
4970,100 Birr,2448,244800,7/9/2020
4971,50 Birr,6623,331150,7/9/2020
4972,25 Birr,14621,365525,7/9/2020
4973,1000 Birr,2,2000,7/9/2020
4974,15 Birr,39641,594615,7/8/2020
4975,5 Birr,30950,154750,7/8/2020
4976,10 Birr,95480,954800,7/8/2020
4977,25 Birr,45725,1143125,7/8/2020
4978,50 Birr,16643,832150,7/8/2020
4979,100 Birr,6343,634300,7/8/2020
4980,5 Birr,11644,58220,7/7/2020
4981,10 Birr,47437,474370,7/7/2020
4982,25 Birr,19244,481100,7/7/2020
4983,15 Birr,43103,646545,7/7/2020
4984,100 Birr,5171,517100,7/7/2020
4985,50 Birr,6968,348400,7/7/2020
4986,500 Birr,12,6000,7/7/2020
4987,10 Birr,48033,480330,7/6/2020
4988,5 Birr,11694,58470,7/6/2020
4989,25 Birr,33264,831600,7/6/2020
4990,50 Birr,22587,1129350,7/6/2020
4991,15 Birr,23158,347370,7/6/2020
4992,100 Birr,5437,543700,7/6/2020
4993,5 Birr,2097,10485,7/5/2020
4994,10 Birr,5408,54080,7/5/2020
4995,15 Birr,2978,44670,7/5/2020
4996,25 Birr,4104,102600,7/5/2020
4997,50 Birr,2198,109900,7/5/2020
4998,100 Birr,1928,192800,7/5/2020
4999,10 Birr,21865,218650,7/4/2020
5000,5 Birr,7782,38910,7/4/2020
5001,50 Birr,7023,351150,7/4/2020
5002,100 Birr,5202,520200,7/4/2020
5003,15 Birr,11789,176835,7/4/2020
5004,25 Birr,9908,247700,7/4/2020
5005,10 Birr,11559,115590,7/3/2020
5006,5 Birr,6445,32225,7/3/2020
5007,15 Birr,6301,94515,7/3/2020
5008,50 Birr,3842,192100,7/3/2020
5009,25 Birr,4532,113300,7/3/2020
5010,100 Birr,1071,107100,7/3/2020
5011,1000 Birr,1,1000,7/3/2020
5012,500 Birr,1,500,7/3/2020
5013,10 Birr,5430,54300,7/2/2020
5014,15 Birr,2914,43710,7/2/2020
5015,25 Birr,1971,49275,7/2/2020
5016,50 Birr,907,45350,7/2/2020
5017,100 Birr,577,57700,7/2/2020
5018,5 Birr,2341,11705,7/2/2020
5019,250 Birr,21,5250,7/2/2020
5020,500 Birr,1,500,7/2/2020
5021,50 Birr,684,34200,7/1/2020
5022,10 Birr,3603,36030,7/1/2020
5023,5 Birr,1976,9880,7/1/2020
5024,15 Birr,1410,21150,7/1/2020
5025,25 Birr,1279,31975,7/1/2020
5026,100 Birr,401,40100,7/1/2020
5027,500 Birr,2,1000,7/1/2020
5028,15 Birr,5755,86325,6/30/2020
5029,25 Birr,4048,101200,6/30/2020
5030,5 Birr,4396,21980,6/30/2020
5031,50 Birr,1635,81750,6/30/2020
5032,10 Birr,10856,108560,6/30/2020
5033,100 Birr,576,57600,6/30/2020
5034,250 Birr,23,5750,6/30/2020
5035,500 Birr,1,500,6/30/2020
5036,1000 Birr,2,2000,6/30/2020
5037,10 Birr,54781,547810,6/29/2020
5038,5 Birr,24870,124350,6/29/2020
5039,15 Birr,25887,388305,6/29/2020
5040,25 Birr,20165,504125,6/29/2020
5041,50 Birr,9333,466650,6/29/2020
5042,100 Birr,3228,322800,6/29/2020
5043,250 Birr,6,1500,6/29/2020
5044,500 Birr,7,3500,6/29/2020
5045,1000 Birr,2,2000,6/29/2020
5046,25 Birr,14180,354500,6/28/2020
5047,5 Birr,20161,100805,6/28/2020
5048,50 Birr,6677,333850,6/28/2020
5049,250 Birr,5,1250,6/28/2020
5050,100 Birr,2399,239900,6/28/2020
5051,10 Birr,37054,370540,6/28/2020
5052,15 Birr,17793,266895,6/28/2020
5053,500 Birr,6,3000,6/28/2020
5054,15 Birr,23924,358860,6/27/2020
5055,50 Birr,7625,381250,6/27/2020
5056,5 Birr,23834,119170,6/27/2020
5057,25 Birr,19988,499700,6/27/2020
5058,100 Birr,3202,320200,6/27/2020
5059,10 Birr,57303,573030,6/27/2020
5060,1000 Birr,7,7000,6/27/2020
5061,500 Birr,8,4000,6/27/2020
5062,250 Birr,4,1000,6/27/2020
5063,25 Birr,16076,401900,6/26/2020
5064,50 Birr,8345,417250,6/26/2020
5065,100 Birr,3736,373600,6/26/2020
5066,10 Birr,41780,417800,6/26/2020
5067,5 Birr,19581,97905,6/26/2020
5068,15 Birr,22277,334155,6/26/2020
5069,1000 Birr,6,6000,6/26/2020
5070,250 Birr,46,11500,6/26/2020
5071,500 Birr,8,4000,6/26/2020
5072,15 Birr,22841,342615,6/25/2020
5073,25 Birr,19744,493600,6/25/2020
5074,10 Birr,50143,501430,6/25/2020
5075,50 Birr,7917,395850,6/25/2020
5076,100 Birr,3212,321200,6/25/2020
5077,5 Birr,20106,100530,6/25/2020
5078,500 Birr,10,5000,6/25/2020
5079,1000 Birr,7,7000,6/25/2020
5080,250 Birr,11,2750,6/25/2020
5081,5 Birr,23516,117580,6/24/2020
5082,100 Birr,3533,353300,6/24/2020
5083,10 Birr,47043,470430,6/24/2020
5084,50 Birr,9344,467200,6/24/2020
5085,25 Birr,17906,447650,6/24/2020
5086,15 Birr,23224,348360,6/24/2020
5087,1000 Birr,3,3000,6/24/2020
5088,500 Birr,6,3000,6/24/2020
5089,250 Birr,4,1000,6/24/2020
5090,15 Birr,28570,428550,6/23/2020
5091,100 Birr,4216,421600,6/23/2020
5092,50 Birr,10127,506350,6/23/2020
5093,25 Birr,19409,485225,6/23/2020
5094,10 Birr,42715,427150,6/23/2020
5095,5 Birr,21607,108035,6/23/2020
5096,250 Birr,4,1000,6/23/2020
5097,500 Birr,6,3000,6/23/2020
5098,1000 Birr,9,9000,6/23/2020
5099,5 Birr,25330,126650,6/22/2020
5100,100 Birr,3652,365200,6/22/2020
5101,50 Birr,8926,446300,6/22/2020
5102,10 Birr,50480,504800,6/22/2020
5103,25 Birr,16964,424100,6/22/2020
5104,250 Birr,4,1000,6/22/2020
5105,1000 Birr,2,2000,6/22/2020
5106,15 Birr,15209,228135,6/22/2020
5107,500 Birr,4,2000,6/22/2020
5108,5 Birr,19978,99890,6/21/2020
5109,10 Birr,40812,408120,6/21/2020
5110,25 Birr,12697,317425,6/21/2020
5111,100 Birr,2029,202900,6/21/2020
5112,15 Birr,11366,170490,6/21/2020
5113,250 Birr,1,250,6/21/2020
5114,50 Birr,5336,266800,6/21/2020
5115,1000 Birr,2,2000,6/21/2020
5116,500 Birr,2,1000,6/21/2020
5117,25 Birr,20839,520975,6/20/2020
5118,100 Birr,3012,301200,6/20/2020
5119,5 Birr,25105,125525,6/20/2020
5120,10 Birr,47453,474530,6/20/2020
5121,50 Birr,8340,417000,6/20/2020
5122,15 Birr,21448,321720,6/20/2020
5123,250 Birr,7,1750,6/20/2020
5124,500 Birr,7,3500,6/20/2020
5125,1000 Birr,3,3000,6/20/2020
5126,15 Birr,20076,301140,6/19/2020
5127,50 Birr,8711,435550,6/19/2020
5128,100 Birr,2571,257100,6/19/2020
5129,10 Birr,38981,389810,6/19/2020
5130,25 Birr,15909,397725,6/19/2020
5131,5 Birr,24343,121715,6/19/2020
5132,500 Birr,2,1000,6/19/2020
5133,250 Birr,3,750,6/19/2020
5134,10 Birr,43518,435180,6/18/2020
5135,100 Birr,3729,372900,6/18/2020
5136,25 Birr,17559,438975,6/18/2020
5137,15 Birr,23030,345450,6/18/2020
5138,5 Birr,7755,38775,6/18/2020
5139,250 Birr,5,1250,6/18/2020
5140,500 Birr,3,1500,6/18/2020
5141,50 Birr,5574,278700,6/18/2020
5142,1000 Birr,2,2000,6/18/2020
5143,25 Birr,15656,391400,6/17/2020
5144,50 Birr,5533,276650,6/17/2020
5145,10 Birr,38695,386950,6/17/2020
5146,15 Birr,17405,261075,6/17/2020
5147,5 Birr,19127,95635,6/17/2020
5148,100 Birr,2820,282000,6/17/2020
5149,1000 Birr,4,4000,6/17/2020
5150,500 Birr,7,3500,6/17/2020
5151,250 Birr,5,1250,6/17/2020
5152,10 Birr,40015,400150,6/16/2020
5153,25 Birr,13229,330725,6/16/2020
5154,15 Birr,16637,249555,6/16/2020
5155,5 Birr,18303,91515,6/16/2020
5156,50 Birr,9974,498700,6/16/2020
5157,100 Birr,2877,287700,6/16/2020
5158,500 Birr,5,2500,6/16/2020
5159,1000 Birr,2,2000,6/16/2020
5160,250 Birr,4,1000,6/16/2020
5161,25 Birr,15575,389375,6/15/2020
5162,15 Birr,19964,299460,6/15/2020
5163,10 Birr,40429,404290,6/15/2020
5164,5 Birr,21152,105760,6/15/2020
5165,100 Birr,3062,306200,6/15/2020
5166,50 Birr,6812,340600,6/15/2020
5167,250 Birr,8,2000,6/15/2020
5168,500 Birr,1,500,6/15/2020
5169,15 Birr,13577,203655,6/14/2020
5170,10 Birr,26205,262050,6/14/2020
5171,25 Birr,10795,269875,6/14/2020
5172,100 Birr,2125,212500,6/14/2020
5173,50 Birr,5301,265050,6/14/2020
5174,5 Birr,12568,62840,6/14/2020
5175,500 Birr,4,2000,6/14/2020
5176,250 Birr,7,1750,6/14/2020
5177,1000 Birr,3,3000,6/14/2020
5178,15 Birr,17033,255495,6/13/2020
5179,50 Birr,6826,341300,6/13/2020
5180,5 Birr,18821,94105,6/13/2020
5181,10 Birr,38150,381500,6/13/2020
5182,25 Birr,13507,337675,6/13/2020
5183,100 Birr,2320,232000,6/13/2020
5184,500 Birr,3,1500,6/13/2020
5185,1000 Birr,2,2000,6/13/2020
5186,250 Birr,3,750,6/13/2020
5187,10 Birr,31473,314730,6/12/2020
5188,5 Birr,15543,77715,6/12/2020
5189,50 Birr,5452,272600,6/12/2020
5190,25 Birr,12253,306325,6/12/2020
5191,15 Birr,15411,231165,6/12/2020
5192,100 Birr,2343,234300,6/12/2020
5193,250 Birr,4,1000,6/12/2020
5194,500 Birr,1,500,6/12/2020
5195,5 Birr,19340,96700,6/11/2020
5196,15 Birr,17548,263220,6/11/2020
5197,10 Birr,36258,362580,6/11/2020
5198,25 Birr,13749,343725,6/11/2020
5199,50 Birr,6401,320050,6/11/2020
5200,100 Birr,2426,242600,6/11/2020
5201,500 Birr,1,500,6/11/2020
5202,1000 Birr,2,2000,6/11/2020
5203,250 Birr,2,500,6/11/2020
5204,15 Birr,16548,248220,6/10/2020
5205,100 Birr,2204,220400,6/10/2020
5206,5 Birr,20728,103640,6/10/2020
5207,50 Birr,5779,288950,6/10/2020
5208,10 Birr,33914,339140,6/10/2020
5209,25 Birr,13250,331250,6/10/2020
5210,1000 Birr,5,5000,6/10/2020
5211,500 Birr,3,1500,6/10/2020
5212,250 Birr,1,250,6/10/2020
5213,25 Birr,9327,233175,6/9/2020
5214,15 Birr,11535,173025,6/9/2020
5215,10 Birr,27588,275880,6/9/2020
5216,50 Birr,4742,237100,6/9/2020
5217,100 Birr,1686,168600,6/9/2020
5218,250 Birr,2,500,6/9/2020
5219,1000 Birr,3,3000,6/9/2020
5220,500 Birr,9,4500,6/9/2020
5221,5 Birr,8406,42030,6/9/2020
5222,10 Birr,29289,292890,6/8/2020
5223,100 Birr,2240,224000,6/8/2020
5224,50 Birr,4550,227500,6/8/2020
5225,25 Birr,10806,270150,6/8/2020
5226,15 Birr,14206,213090,6/8/2020
5227,500 Birr,5,2500,6/8/2020
5228,250 Birr,3,750,6/8/2020
5229,1000 Birr,4,4000,6/8/2020
5230,10 Birr,26588,265880,6/7/2020
5231,15 Birr,12889,193335,6/7/2020
5232,25 Birr,9361,234025,6/7/2020
5233,100 Birr,1564,156400,6/7/2020
5234,50 Birr,4140,207000,6/7/2020
5235,5 Birr,7422,37110,6/7/2020
5236,250 Birr,3,750,6/7/2020
5237,500 Birr,1,500,6/7/2020
5238,1000 Birr,1,1000,6/7/2020
5239,10 Birr,28842,288420,6/6/2020
5240,15 Birr,14563,218445,6/6/2020
5241,25 Birr,12248,306200,6/6/2020
5242,50 Birr,5418,270900,6/6/2020
5243,100 Birr,1957,195700,6/6/2020
5244,5 Birr,13830,69150,6/6/2020
5245,500 Birr,7,3500,6/6/2020
5246,1000 Birr,3,3000,6/6/2020
5247,250 Birr,2,500,6/6/2020
5248,15 Birr,11526,172890,6/5/2020
5249,25 Birr,9453,236325,6/5/2020
5250,100 Birr,1791,179100,6/5/2020
5251,10 Birr,25920,259200,6/5/2020
5252,50 Birr,4619,230950,6/5/2020
5253,5 Birr,12405,62025,6/5/2020
5254,500 Birr,7,3500,6/5/2020
5255,250 Birr,5,1250,6/5/2020
5256,1000 Birr,6,6000,6/5/2020
5257,10 Birr,30048,300480,6/4/2020
5258,25 Birr,11831,295775,6/4/2020
5259,5 Birr,12199,60995,6/4/2020
5260,15 Birr,14485,217275,6/4/2020
5261,50 Birr,5417,270850,6/4/2020
5262,100 Birr,2097,209700,6/4/2020
5263,500 Birr,4,2000,6/4/2020
5264,1000 Birr,1,1000,6/4/2020
5265,250 Birr,4,1000,6/4/2020
5266,25 Birr,10651,266275,6/3/2020
5267,15 Birr,14330,214950,6/3/2020
5268,5 Birr,13485,67425,6/3/2020
5269,10 Birr,32345,323450,6/3/2020
5270,50 Birr,5099,254950,6/3/2020
5271,100 Birr,1874,187400,6/3/2020
5272,1000 Birr,2,2000,6/3/2020
5273,500 Birr,5,2500,6/3/2020
5274,250 Birr,2,500,6/3/2020
5275,25 Birr,11047,276175,6/2/2020
5276,10 Birr,28386,283860,6/2/2020
5277,5 Birr,12233,61165,6/2/2020
5278,50 Birr,4618,230900,6/2/2020
5279,100 Birr,1896,189600,6/2/2020
5280,250 Birr,13,3250,6/2/2020
5281,500 Birr,6,3000,6/2/2020
5282,15 Birr,10423,156345,6/2/2020
5283,1000 Birr,4,4000,6/2/2020
5284,5 Birr,13271,66355,6/1/2020
5285,15 Birr,12862,192930,6/1/2020
5286,10 Birr,31791,317910,6/1/2020
5287,25 Birr,10791,269775,6/1/2020
5288,50 Birr,5141,257050,6/1/2020
5289,100 Birr,1858,185800,6/1/2020
5290,500 Birr,16,8000,6/1/2020
5291,250 Birr,11,2750,6/1/2020
5292,1000 Birr,5,5000,6/1/2020
5293,15 Birr,9009,135135,5/31/2020
5294,25 Birr,6989,174725,5/31/2020
5295,10 Birr,18824,188240,5/31/2020
5296,100 Birr,1476,147600,5/31/2020
5297,5 Birr,7522,37610,5/31/2020
5298,50 Birr,3480,174000,5/31/2020
5299,250 Birr,4,1000,5/31/2020
5300,1000 Birr,2,2000,5/31/2020
5301,500 Birr,2,1000,5/31/2020
5302,5 Birr,12271,61355,5/30/2020
5303,15 Birr,12628,189420,5/30/2020
5304,10 Birr,27795,277950,5/30/2020
5305,50 Birr,4616,230800,5/30/2020
5306,100 Birr,1564,156400,5/30/2020
5307,25 Birr,9741,243525,5/30/2020
5308,250 Birr,5,1250,5/30/2020
5309,1000 Birr,4,4000,5/30/2020
5310,500 Birr,2,1000,5/30/2020
5311,10 Birr,25618,256180,5/29/2020
5312,25 Birr,9164,229100,5/29/2020
5313,250 Birr,6,1500,5/29/2020
5314,15 Birr,11013,165195,5/29/2020
5315,100 Birr,1618,161800,5/29/2020
5316,50 Birr,4224,211200,5/29/2020
5317,5 Birr,13570,67850,5/29/2020
5318,500 Birr,2,1000,5/29/2020
5319,1000 Birr,3,3000,5/29/2020
5320,100 Birr,1372,137200,5/28/2020
5321,5 Birr,11024,55120,5/28/2020
5322,25 Birr,7914,197850,5/28/2020
5323,10 Birr,21808,218080,5/28/2020
5324,50 Birr,3936,196800,5/28/2020
5325,15 Birr,10745,161175,5/28/2020
5326,500 Birr,6,3000,5/28/2020
5327,1000 Birr,5,5000,5/28/2020
5328,250 Birr,3,750,5/28/2020
5329,15 Birr,12000,180000,5/27/2020
5330,250 Birr,7,1750,5/27/2020
5331,50 Birr,4543,227150,5/27/2020
5332,5 Birr,11746,58730,5/27/2020
5333,10 Birr,21953,219530,5/27/2020
5334,25 Birr,9710,242750,5/27/2020
5335,100 Birr,1463,146300,5/27/2020
5336,1000 Birr,1,1000,5/27/2020
5337,500 Birr,6,3000,5/27/2020
5338,15 Birr,9422,141330,5/26/2020
5339,50 Birr,3969,198450,5/26/2020
5340,100 Birr,1509,150900,5/26/2020
5341,25 Birr,9126,228150,5/26/2020
5342,5 Birr,11402,57010,5/26/2020
5343,10 Birr,22693,226930,5/26/2020
5344,250 Birr,6,1500,5/26/2020
5345,1000 Birr,3,3000,5/26/2020
5346,500 Birr,1,500,5/26/2020
5347,15 Birr,10242,153630,5/25/2020
5348,10 Birr,21126,211260,5/25/2020
5349,25 Birr,8439,210975,5/25/2020
5350,50 Birr,3597,179850,5/25/2020
5351,5 Birr,3356,16780,5/25/2020
5352,100 Birr,1181,118100,5/25/2020
5353,500 Birr,4,2000,5/25/2020
5354,250 Birr,3,750,5/25/2020
5355,1000 Birr,2,2000,5/25/2020
5356,50 Birr,1682,84100,5/24/2020
5357,10 Birr,8683,86830,5/24/2020
5358,15 Birr,5245,78675,5/24/2020
5359,25 Birr,3789,94725,5/24/2020
5360,100 Birr,665,66500,5/24/2020
5361,5 Birr,3389,16945,5/24/2020
5362,500 Birr,3,1500,5/24/2020
5363,250 Birr,3,750,5/24/2020
5364,10 Birr,16389,163890,5/23/2020
5365,50 Birr,3917,195850,5/23/2020
5366,100 Birr,1412,141200,5/23/2020
5367,15 Birr,8115,121725,5/23/2020
5368,25 Birr,7247,181175,5/23/2020
5369,5 Birr,7945,39725,5/23/2020
5370,500 Birr,1,500,5/23/2020
5371,10 Birr,16441,164410,5/22/2020
5372,15 Birr,9370,140550,5/22/2020
5373,50 Birr,3418,170900,5/22/2020
5374,25 Birr,7120,178000,5/22/2020
5375,5 Birr,8463,42315,5/22/2020
5376,100 Birr,1326,132600,5/22/2020
5377,250 Birr,7,1750,5/22/2020
5378,1000 Birr,4,4000,5/22/2020
5379,10 Birr,15745,157450,5/21/2020
5380,15 Birr,6446,96690,5/21/2020
5381,25 Birr,5265,131625,5/21/2020
5382,50 Birr,2513,125650,5/21/2020
5383,100 Birr,1013,101300,5/21/2020
5384,5 Birr,5354,26770,5/21/2020
5385,250 Birr,4,1000,5/21/2020
5386,500 Birr,2,1000,5/21/2020
5387,1000 Birr,1,1000,5/21/2020
5388,10 Birr,11402,114020,5/20/2020
5389,15 Birr,5628,84420,5/20/2020
5390,50 Birr,2849,142450,5/20/2020
5391,25 Birr,3500,87500,5/20/2020
5392,100 Birr,716,71600,5/20/2020
5393,5 Birr,4497,22485,5/20/2020
5394,250 Birr,7,1750,5/20/2020
5395,1000 Birr,1,1000,5/20/2020
5396,500 Birr,1,500,5/20/2020
5397,25 Birr,5257,131425,5/19/2020
5398,100 Birr,1072,107200,5/19/2020
5399,10 Birr,14231,142310,5/19/2020
5400,5 Birr,5698,28490,5/19/2020
5401,50 Birr,1795,89750,5/19/2020
5402,15 Birr,7264,108960,5/19/2020
5403,500 Birr,1,500,5/19/2020
5404,1000 Birr,2,2000,5/19/2020
5405,250 Birr,2,500,5/19/2020
5406,10 Birr,10383,103830,5/18/2020
5407,5 Birr,4191,20955,5/18/2020
5408,25 Birr,4377,109425,5/18/2020
5409,50 Birr,2639,131950,5/18/2020
5410,100 Birr,810,81000,5/18/2020
5411,15 Birr,4489,67335,5/18/2020
5412,500 Birr,1,500,5/18/2020
5413,250 Birr,1,250,5/18/2020
5414,25 Birr,3495,87375,5/17/2020
5415,10 Birr,8575,85750,5/17/2020
5416,15 Birr,4584,68760,5/17/2020
5417,5 Birr,4580,22900,5/17/2020
5418,100 Birr,591,59100,5/17/2020
5419,50 Birr,1831,91550,5/17/2020
5420,500 Birr,7,3500,5/17/2020
5421,250 Birr,5,1250,5/17/2020
5422,15 Birr,5534,83010,5/16/2020
5423,25 Birr,4447,111175,5/16/2020
5424,10 Birr,10629,106290,5/16/2020
5425,5 Birr,3626,18130,5/16/2020
5426,50 Birr,1749,87450,5/16/2020
5427,100 Birr,868,86800,5/16/2020
5428,500 Birr,1,500,5/16/2020
5429,250 Birr,4,1000,5/16/2020
5430,10 Birr,9933,99330,5/15/2020
5431,15 Birr,4915,73725,5/15/2020
5432,50 Birr,1679,83950,5/15/2020
5433,100 Birr,621,62100,5/15/2020
5434,25 Birr,4314,107850,5/15/2020
5435,5 Birr,3723,18615,5/15/2020
5436,50 Birr,1547,77350,5/14/2020
5437,100 Birr,589,58900,5/14/2020
5438,25 Birr,2773,69325,5/14/2020
5439,5 Birr,3490,17450,5/14/2020
5440,15 Birr,3316,49740,5/14/2020
5441,10 Birr,8250,82500,5/14/2020
5442,100 Birr,643,64300,5/13/2020
5443,10 Birr,6553,65530,5/13/2020
5444,25 Birr,2670,66750,5/13/2020
5445,5 Birr,2454,12270,5/13/2020
5446,15 Birr,3636,54540,5/13/2020
5447,50 Birr,1694,84700,5/13/2020
5448,100 Birr,603,60300,5/12/2020
5449,10 Birr,5759,57590,5/12/2020
5450,25 Birr,3344,83600,5/12/2020
5451,50 Birr,1081,54050,5/12/2020
5452,15 Birr,3524,52860,5/12/2020
5453,5 Birr,3698,18490,5/12/2020
5454,100 Birr,247,24700,5/11/2020
5455,5 Birr,1359,6795,5/11/2020
5456,15 Birr,1979,29685,5/11/2020
5457,10 Birr,5769,57690,5/11/2020
5458,25 Birr,1619,40475,5/11/2020
5459,50 Birr,681,34050,5/11/2020
5460,15 Birr,1116,16740,5/10/2020
5461,5 Birr,1496,7480,5/10/2020
5462,10 Birr,2742,27420,5/10/2020
5463,50 Birr,277,13850,5/10/2020
5464,100 Birr,91,9100,5/10/2020
5465,25 Birr,501,12525,5/10/2020
5466,5 Birr,782,3910,5/9/2020
5467,25 Birr,1130,28250,5/9/2020
5468,100 Birr,328,32800,5/9/2020
5469,50 Birr,661,33050,5/9/2020
5470,10 Birr,2035,20350,5/9/2020
5471,15 Birr,1128,16920,5/9/2020
5472,10 Birr,1488,14880,5/8/2020
5473,15 Birr,790,11850,5/8/2020
5474,100 Birr,116,11600,5/8/2020
5475,50 Birr,300,15000,5/8/2020
5476,5 Birr,608,3040,5/8/2020
5477,25 Birr,579,14475,5/8/2020
5478,25 Birr,100,2500,5/7/2020
5479,100 Birr,1,100,5/7/2020
